3003 4880
1392 363 1491 444 29

256 569 726 664 exposuimuS,
789 581 1092 662 apparet,
1151 570 1277 639 has
1337 594 1576 651 voceS,
1635 569 1876 661 πτωχός
1934 583 2000 639 et
2055 568 2363 661 λιμοῦνής,
2421 563 2607 641 nullo
2673 645 2685 654 ,

253 679 471 746 modo
501 701 706 767 posse
736 678 827 744 ad
854 676 1298 744 Cassandram
1326 677 1574 753 referri,
1606 677 1749 742 sive
1780 699 1892 744 eas
1923 700 2070 744 cum
2101 678 2438 764 καλουμένη
2470 678 2609 743 sive
2706 717 2716 729 =

256 806 418 848 cum
444 804 615 847 voce
648 804 822 869 quae
852 790 954 847 est
982 780 1323 867 ἠνεσχόμην
1356 781 1763 867 conjungas3
1793 804 1947 846 nam
1962 782 2267 848 mendica
2295 780 2405 847 vel
2432 780 2609 846 fame

250 886 590 952 moritura
622 883 1003 951 Cassandra
1031 885 1253 970 neq'ue
1279 882 1410 948 fuit
1436 906 1768 971 umquam,
1813 907 2031 972 neque
2072 908 2144 950 se
2185 885 2281 950 ita
2312 883 2608 971 appella—

254 996 401 1054 tam
428 987 636 1053 fuisse
669 988 859 1075 queri
891 994 1136 1073 potest,
1167 986 1297 1052 nisi
1323 986 1608 1074 ineptire
1635 984 1818 1064 velit,
1850 989 1991 1053 sive
2019 986 2148 1053 fuit
2176 988 2329 1076 sive·
2343 1008 2500 1052 non.

432 1088 594 1155 Vox
625 1099 865 1167 autem,
928 1109 1102 1175 quae
1147 1096 1249 1154 est
1291 1091 1556 1174 τάλαινα,
1615 1088 1804 1154 nullo
1846 1090 2053 1157 modo
2086 1090 2169 1155 ab
2203 1089 2309 1155 his
2341 1088 2606 1156 duabus

263 1191 564 1270 vocibus,
594 1193 770 1258 inter
799 1213 971 1279 quas
1000 1192 1068 1257 in
1099 1191 1315 1258 medio
1346 1192 1577 1279 posita
1608 1202 1728 1270 est,
1761 1192 1987 1259 divelli
2019 1192 2238 1271 debet,
2284 1191 2409 1258 sed
2435 1191 2606 1257 haec

261 1295 390 1359 tria
447 1293 785 1383 adjectiva
836 1295 925 1360 ad
968 1316 1172 1361 unam
1217 1295 1633 1383 eandemque
1674 1317 2036 1382 personam
2092 1304 2398 1382 spectare
2453 1294 2607 1383 ipsa

259 1399 621 1468 collocatio
679 1381 1041 1490 verborum
1099 1398 1299 1486 plane
1356 1406 1704 1467 monstrat.
1791 1398 1932 1464 Iam
1990 1398 2423 1485 perspicuum
2482 1408 2602 1476 est,

257 1501 733 1591 conjungenda
762 1523 908 1566 esse
936 1499 1106 1566 haec
1137 1502 1268 1567 tria
1297 1525 1376 1568 ac
1405 1502 1782 1578 necessario
1816 1500 2115 1590 epitheta
2157 1508 2264 1587 τῆς
2294 1502 2604 1587 ἀγυρτρίας

254 1605 588 1672 habenda.
673 1604 765 1669 At
794 1610 958 1669 tunc
986 1626 1144 1682 vox,
1189 1627 1361 1693 quae
1401 1613 1505 1671 est
1532 1608 1799 1685 τάλαινα,
1841 1603 1954 1670 de
1969 1605 2380 1671 circulatrice
2423 1603 2604 1671 dicta

255 1708 504 1797 frigida
535 1728 613 1772 ac
641 1706 966 1794 languida
996 1714 1099 1771 est
1126 1707 1539 1784 mirabiliter,
1567 1708 1641 1773 id
1672 1707 1861 1796 quod
1889 1708 2250 1773 rectissime
2277 1707 2603 1773 Herman-

261 1834 388 1877 nus
432 1809 914 1877 animadvertit.
1000 1810 1416 1877 Vocabulum
1459 1815 1707 1877 τάλαινα
1721 1831 2033 1904 quoquo
2077 1831 2203 1875 nos
2245 1819 2603 1898 vertpmus,

264 1913 614 1981 offensioni
644 1921 760 1979 est.
844 1910 1036 1978 Nihil
1065 1914 1234 1979 enim
1267 1914 1469 1981 efficit
1498 1916 1629 1982 hoc
1669 1912 2075 1981 vocabulum
2120 1913 2209 1978 ad
2253 1912 2605 2004 designan-

263 2017 415 2100 dam
444 2020 549 2103 τὴν
581 2017 924 2102 ἀγυρτρίανς
967 2037 1190 2103 neque
1221 2038 1300 2083 ea
1329 2027 1433 2083 est
1476 2016 1913 2085 circulatricis
1957 2017 2363 2104 proprietas,
2411 2012 2602 2104 quod

253 2122 500 2187 misera
543 2133 658 2197 est,
701 2118 826 2186 sed
866 2119 1172 2185 miseram
1218 2120 1604 2188 Cassandra
1647 2143 1719 2187 se
1760 2122 1977 2206 ipsam
2022 2141 2295 2207 quoque
2345 2139 2601 2185 summo

251 2224 413 2309 jure
443 2222 783 2308 appellare
814 2221 1056 2309 potuit.
1121 2222 1327 2289 Immo
1360 2223 1495 2290 tale
1527 2223 1873 2313 quoddam
1905 2222 2252 2309 epitheton
2283 2223 2418 2289 hoc
2445 2221 2601 2291 loco

263 2322 476 2407 adjici
505 2331 1014 2390 consentaneum
1057 2335 1218 2403 erat,
1265 2348 1402 2414 quo
1451 2327 1940 2415 significaretur
1981 2324 2280 2413 aliquid,
2305 2346 2442 2412 quo
2485 2324 2605 2390 cir-

267 2421 561 2489 culatrix
618 2445 659 2489 a
718 2425 1092 2495 Cassandra
1152 2428 1464 2501 differret.
1551 2429 1889 2519 Equidem
1950 2428 2254 2516 conjicio,
2312 2427 2602 2497 fortasse

259 2525 673 2616 Aeschylum
704 2531 1082 2618 scripsisse:

668 2638 751 2703 ὡς
781 2636 1061 2725 ἀγύρτρια
1088 2638 1353 2725 πτωχός,
1380 2642 1724 2727 ταπεινή,
1755 2639 2056 2725 λιμοθνής.

428 2733 582 2801 Hoc
612 2738 930 2825 epitheto,
971 2744 1237 2828 ταπεινή,
1280 2739 1596 2824 (humilis,
1628 2743 1803 2828 vilis)
1835 2738 2220 2806 circulatrix
2246 2745 2487 2826 utpote
2518 2737 2603 2807 de

249 2836 482 2904 infima
509 2838 704 2926 plebe
738 2849 889 2908 orta
920 2853 1080 2931 apte
1111 2845 1485 2932 opponitur
1513 2846 1735 2934 regiae
1768 2843 2028 2932 virgini,
2059 2851 2126 2908 et
2153 2841 2447 2930 quadrat
2470 2842 2599 2909 hoc

252 2940 891 3033 epitheton,optime
920 2946 1012 3012 ad
1038 2946 1154 3012 illa
1183 2947 1316 3013 alia
1345 2946 1700 3035 adjectiva,
1730 2948 1974 3035 πτωχός
2004 2967 2083 3011 ac
2111 2947 2417 3033 λιμοθνὴς.

425 3044 559 3111 Sed
588 3070 769 3114 nunc
797 3072 1034 3115 rursus
1066 3050 1281 3117 oritur
1309 3050 1643 3138 quaesti0‚
1689 3072 2019 3138 quaenam
2057 3050 2146 3115 sit
2171 3049 2416 3115 horum
2445 3071 2594 3115 ver-

251 3169 455 3217 suum
484 3157 837 3218 structura.
888 3152 1083 3218 Duae
1111 3154 1406 3220 rationes
1435 3153 1589 3219 iniri
1617 3175 1825 3241 posse
1854 3152 2189 3237 videntur3
2220 3173 2373 3218 nam
2392 3151 2599 3218 verba

246 3250 442 3328 haec,
473 3256 811 3342 καλουμένη
841 3257 1203 3345 ἠνεσχόμην,
1247 3256 1356 3323 vel
1387 3257 1907 3346 conjunguntur,
1949 3255 2022 3322 id
2064 3253 2256 3342 quod
2293 3254 2599 3342 plerique

251 3359 657 3437 statuerunt,

750 3465 1088 3552 καλουμένη
1121 3466 1187 3529 δὲ
1217 3466 1444 3552 φοιτάς,
1473 3498 1560 3514 --
1592 3467 1675 3533 ὡς
1705 3463 1987 3550 ἀγύρτρια

743 3570 1003 3655 πτωχός,
1033 3570 1297 3656 ταπεινὴ,
1329 3571 1636 3655 λιμοθνής,
1673 3603 1744 3617 —-·
1779 3566 2118 3655 ἠνεσχόμην

252 3666 589 3743 „sustinui
632 3672 865 3735 vocari
904 3673 1162 3747 insana,
1224 3674 1423 3760 quasi
1466 3671 1868 3749 circulatrix,
1925 3666 2248 3743 mendica,
2305 3661 2595 3759 plebeja,

246 3768 427 3833 fame
469 3771 846 3856 peritura“;
876 3812 962 3823 —
1000 3773 1108 3839 vel
1152 3782 1573 3863 separantur,
1629 3774 1725 3840 'ita
1781 3782 1859 3841 ut
1914 3771 2288 3861 ἠνεσχόμην,,
2334 3766 2606 3855 idquod·

244 3892 755 3962 nonnumquam
812 3876 906 3955 fit,
968 3878 1280 3944 absolute
1338 3879 1426 3945 sit
1480 3879 1806 3966 positum3
1865 3875 2045 3944 unde
2098 3873 2267 3939 haec
2314 3869 2598 3937 efficitur

248 3983 618 4043 structura:

745 4084 1083 4172 καλουμένη
1116 4087 1183 4150 δὲ
1211 4088 1440 4173 φοιτάς,
1468 4120 1554 4135 -·-
1586 4090 1668 4155 ὡς
1698 4085 1980 4172 ἀγύρτρια

744 4192 1007 4279 πτωχός,
1037 4192 1300 4277 ταπεινή,
1329 4192 1617 4278 λιμοθνὴς
1645 4188 2003 4277 ἠνεσχόμην.

164 4356 177 4369 ,
254 4288 458 4367 „dum
504 4287 742 4355 insana
783 4295 1100 4375 vocabar,
1159 4294 1551 4372 tolerabam,
1615 4293 1812 4381 quasi
1849 4289 2232 4359 circulatrix
2275 4285 2592 4361 mendica,

253 4390 428 4472 vilis,
470 4390 833 4466 famelica.“
924 4398 1222 4485 Quarum
1253 4408 1737 4469 structurarum
1778 4396 1895 4466 illa
1923 4384 2114 4488 prior
2142 4413 2424 4485 prorsus
2456 4411 2590 4458 non
