3003 4880
1526 370 1575 449 6

382 579 591 648 fuisse
618 576 985 668 frigidum.“
1075 577 1214 645 Sed
1252 577 1536 644 benein
1575 583 1768 643 textu
1808 575 2126 648 traditam
2169 585 2237 642 et
2277 573 2368 643 ab
2408 574 2721 658 omnibus

383 691 713 750 servatam
752 681 1103 770 lectionem
1139 680 1430 751 retinuit.
1547 680 1736 747 Nihil
1776 682 1945 748 enim
1995 680 2424 759 mutandum3
2483 702 2722 746 sensus

381 795 512 865 est3
543 787 708 864 „tibi
737 792 901 873 σαφῆ
933 785 1107 871 λόγον
1140 784 1365 850 dicere
1391 783 1611 868 desiit,
1642 784 1737 850 ita
1766 792 1844 849 ut
1862 784 2005 871 jam
2034 792 2221 849 tuum
2253 783 2368 860 sit,
2392 783 2613 849 facere
2645 805 2725 848 ea

386 912 559 976 quae
587 890 787 976 jussa
825 899 953 954 es.“
1055 888 1219 953 Cum
1263 886 1435 952 enim
1456 886 1756 974 reginae·
1776 879 1976 974 jussa
2018 886 2218 952 simul
2244 886 2468 974 'atque
2505 884 2729 951 edicta

387 1002 562 1070 sunt,
598 992 825 1058 statim
854 991 1134 1077 exsequi
1164 1009 1427 1055 servam
1456 996 1790 1077 oporteat,
1834 991 1906 1055 in
1936 990 2068 1056 hac
2095 1012 2268 1055 voce
2292 991 2544 1055 παύεται
2586 1010 2726 1054 mo,-

385 1099 568 1164 nitus
625 1098 817 1172 inest,
876 1103 956 1160 ut
980 1094 1179 1159 cass.
1223 1091 1646 1180 extemplo
1692 1115 1957 1160 currum
1996 1093 2338 1181 relinquat
2392 1114 2602 1180 seque
2659 1091 2730 1155 in

387 1200 588 1266 aedes
621 1200 937 1264 conferat.
1020 1196 1262 1284 Itaque
1291 1195 1542 1264 tradita
1569 1195 1772 1262 lectio
1806 1204 2055 1284 optima
2099 1201 2219 1263 est.
2300 1196 2469 1262 Mox
2510 1194 2733 1281 sequi·

390 1313 499 1370 tur
526 1323 762 1368 versus
794 1298 1244 1376 difficillimus,
1292 1298 1479 1376 1011,
1519 1298 1606 1366 de
1647 1321 1786 1388 quo
1829 1300 2055 1368 variae
2097 1306 2256 1365 sunt
2296 1298 2731 1386 interpretum

390 1405 772 1472 sententiae.
1477 1400 1482 1406 ’

559 1507 1088 1595 Clytaemnestra
1119 1504 1217 1570 sic
1246 1503 1469 1591 pergit
1496 1507 1623 1589 (vs.
1655 1502 1874 1585 loom:

881 1606 1008 1673 ἀλλ’
1038 1607 1197 1693 εἴπερ
1230 1608 1352 1672 ἐστὶ
1382 1610 1463 1693 μὴ
1495 1606 1802 1695 χελιδόνος
1831 1609 1993 1693 δίκην

882 1713 1119 1796 ἀγνῶτα
1149 1714 1351 1798 φωνὴν
1387 1713 1680 1799 βάρβαρον
1711 1712 2041 1798 κεκτημένη

883 1813 1028 1880 ἔσω
1061 1821 1348 1903 φρενῶν
1379 1816 1714 1901 λέγουσα
1741 1817 1982 1881 πείθω
2014 1838 2120 1879 νιν
2149 1812 2360 1900 λόγῳ.
2437 1825 2442 1834 “

561 1919 876 2005 Plerique
933 1925 1097 2005 post
1151 1941 1387 1985 vocem
1447 1940 1623 2006 quae
1675 1928 1780 1985 est
1825 1919 2157 2005 κεκτημένη
2199 1913 2466 2003 virgula
2504 1912 2735 2000 posita

395 2022 602 2088 verba
632 2021 729 2086 sic
759 2022 1077 2109 jungunt:
1114 2021 1234 2088 ἔσω
1266 2029 1494 2110 φρενῶν
1524 2023 1806 2108 λέγουσα,
1825 2021 2134 2109 idquead
2153 2018 2738 2101 Clytaemnestram

392 2124 712 2201 referunt,
773 2111 1215 2210 explicantes:
1277 2126 1559 2204 „dicens-
1591 2127 1690 2191 ita
1729 2135 1807 2191 ut
1850 2111 2233 2192 Cassandra
2287 2119 2616 2206 intelligat
2659 2138 2737 2182 ac

395 2238 612 2294 mente
654 2229 985 2314 percipiat
1022 2230 1230 2295 verba
1269 2250 1435 2307 mea,
1479 2228 1544 2295 h.
1574 2251 1630 2295 e.
1660 2228 1757 2294 ita
1786 2236 1865 2295 ut
1906 2228 2115 2296 verba
2154 2245 2304 2292 mea.
2338 2244 2477 2290 non
2521 2218 2739 2302 solum

397 2330 487 2396 ad
518 2351 734 2408 aures»,
767 2330 889 2396 sed
919 2331 1114 2397 etiam
1143 2333 1214 2397 in
1244 2342 1525 2399 mentem
1557 2332 1701 2418 ejus
1746 2329 2195 2420 perveniantf‘
2287 2325 2382 2393 Cf„
2413 2344 2588 2415 quae
2616 2320 2737 2390 ad-

392 2439 640 2503 notant
677 2430 1142 2501 Blomfieldius
1187 2458 1266 2504 ac
1310 2434 1881 2503 Schneidewinus.
1981 2435 2202 2518 Quam
2239 2424 2741 2524 interpretatio·

395 2557 548 2606 nem
579 2557 836 2603 summo
867 2558 1028 2603 eum
1038 2539 1195 2625 jure
1235 2540 1465 2627 rejecit
1494 2539 2034 2618 Sehoemannus3
2066 2538 2207 2624 jam
2250 2534 2422 2601 enim
2462 2530 2743 2614 Klauser

398 2661 529 2707 nus
557 2638 693 2709 boc
735 2646 914 2707 recte
953 2642 1231 2720 monuit,
1293 2640 1416 2707 ἔσω
1457 2649 1686 2731 φρενῶν
1728 2665 1990 2730 semper
2031 2641 2116 2708 de
2158 2639 2314 2726 ejus.
2346 2646 2566 2704 mente
2610 2631 2745 2701 dici

401 2741 520 2829 qui
546 2741 618 2811 id,
648 2750 808 2830 agat
839 2743 1026 2830 quod
1054 2745 1329 2833 verbum
1360 2745 1810 2845 indicet,ut,si
1840 2747 2108 2812 diseatm·
2136 2741 2259 2807 ἔσω
2292 2744 2521 2828 φρενῶν
2551 2736 2740 2821 λέὙΕΨ

398 2843 509 2911 vel
537 2846 783 2931 γράφειν
810 2845 920 2913 vel
950 2846 1138 2912 aliud
1169 2848 1335 2936 quid
1353 2849 1596 2928 facere,
1610 2851 1760 2938 ejus
1785 2850 2004 2937 ipsius
2037 2846 2154 2933 qui
2182 2845 2344 2929 λέγει
2373 2842 2488 2909 vel
2510 2842 2750 2927 γράφει)

400 2949 613 3035 φρένες,
638 2948 1108 3036 intelligendae
1136 2951 1287 3019 sint.
1373 2953 1481 3019 Ex
1511 2975 1649 3041 quo
1682 2960 1986 3040 apparet,
2020 2950 2141 3016 ἔσω
2175 2954 2403 3035 φρενῶν
2432 2946 2592 3028 λέγω
2609 2940 2746 3009 hoe

403 3060 664 3125 tantum
722 3051 1098 3138 significare
1122 3075 1378 3140 posse:
1402 3107 1416 3113 ..
1439 3057 1720 3134 „intus
1777 3057 1862 3119 in
1918 3054 2185 3118 animo
2243 3070 2413 3117 meo
2471 3046 2744 3132 loquor,

397 3177 620 3242 neque
648 3155 857 3223 verba
887 3154 1228 3242 eloquor.'“
1315 3158 1551 3246 Longe
1581 3159 1773 3227 aliter
1814 3178 1887 3223 se
1928 3156 2181 3223 habent
2223 3150 2543 3238 exempla,
2571 3167 2748 3235 quae

400 3257 592 3333 affert
642 3257 1215 3329 Schneidewinus.
1307 3261 1602 3331 Tantum
1657 3248 1863 3348 igitur
1921 3261 2140 3336 abest,
2190 3268 2267 3327 ut
2326 3255 2448 3324 ἔσω
2510 3257 2742 3341 φρενῶν

400 3365 659 3449 λέγουσα
689 3361 806 3428 sit:
864 3370 1035 3450 σαφῆ
1075 3364 1251 3450 λόγον
1294 3365 1580 3457 λέγουσα,
1623 3375 1702 3433 ut
1739 3361 2467 3451 prorsus-contrariam
2498 3356 2749 3427 habeat

403 3465 978 3555 significationem,
1011 3489 1160 3535 uam
1195 3467 1313 3556 qui
1330 3467 1466 3539 ,ἔσω
1499 3477 1729 3556 φρενῶν
1758 3471 1940 3554 λέγει,
1978 3490 2263 3558 prorsus
2293 3472 2486 3535 tacet.
2544 3462 2752 3528 Recte

403 3571 539 3636 hoc
582 3569 911 3642 intellexit
951 3570 1288 3650 Butlerus,
1352 3573 1470 3660 qui
1511 3573 1769 3650 videns,
1828 3573 1918 3639 ad
1949 3574 2538 3662 Clytaemnestram
2585 3565 2752 3637 haee

360 3726 369 3735 .
404 3674 610 3743 verba
639 3673 900 3741 minime
926 3696 1131 3761 posse
1155 3674 1405 3751 referri,
1436 3676 1526 3743 ad
1542 3676 1989 3745 Cassandram
2004 3676 2275 3750 rettulit,
2305 3679 2467 3760 post
2490 3670 2753 3754 λέγουσα

406 3778 906 3864 interpungenS,
948 3778 1045 3847 ita
1087 3786 1162 3847 ut
1205 3778 1326 3845 ἔσω
1359 3803 1455 3865 φρ.
1486 3781 1605 3866 λέγ.
1637 3803 1787 3851 cum
1817 3781 2179 3867 participio
2219 3775 2546 3861 κεκτημένη
2593 3795 2751 3839 con-

397 3880 802 3968 jungantur;
835 3902 1107 3969 „secum
1128 3884 1309 3951 intus
1342 3870 1796 3970 colloquens.“
1889 3883 2027 3949 Sed
2056 3905 2139 3947 ne
2170 3882 2267 3947 sic
2299 3878 2565 3967 quidem
2598 3899 2752 3945 ora-

405 3983 503 4049 tio
533 3981 769 4048 melior
796 3981 999 4061 fieret,
1042 3998 1322 4073 propter
1352 3988 1853 4074 ambiguitatem
1885 4008 1966 4055 eo
2000 3992 2246 4061 ortam‚·
2280 3981 2471 4069 quod
2511 4001 2749 4047 versus

405 4084 601 4152 facile
659 4085 950 4172 aliquem
1009 4088 1319 4174 pellicere
1375 4099 1625 4175 potest,
1687 4101 1763 4157 ut
1815 4089 2021 4156 verba
2065 4109 2216 4155 cum
2255 4088 2447 4155 πείθω
2483 4083 2750 4169 jungat.

410 4190 710 4268 Accedit,
756 4190 946 4278 quod
984 4213 1068 4256 ne
1099 4214 1336 4259 sensus
1369 4191 1639 4280 quidem
1671 4202 1871 4280 aptus
1901 4190 2060 4257 inde
2088 4197 2491 4259 nasceretur.
2577 4185 2753 4251 Nam

413 4317 560 4361 cum
579 4294 961 4360 Cassandra
983 4317 1124 4361 non
1148 4295 1339 4384 loqui
1357 4297 1555 4383 jussa
1585 4296 1692 4374 sit,
1724 4295 1844 4363 sed
1866 4282 2148 4405 flocum-u
2162 4292 2582 4369 descendere,
2597 4288 2753 4368 hoc,

418 4397 608 4490 quod
636 4405 832 4479 tacet,
864 4398 1036 4467 nihil
1065 4399 1156 4469 ad
1184 4421 1320 4469 rem
1350 4399 1544 4487 facin
1574 4421 1792 4491 neque
1824 4422 1906 4468 ex
1937 4421 2038 4480 eo,
2071 4396 2260 4493 quod
2290 4404 2485 4479 tacet,
2529 4392 2756 4487 sequi-
