3003 4880
354 328 385 360 ,,
1539 321 1631 404 4,

389 533 522 602 ter,
568 522 739 590 adeo
783 531 860 590 ut
899 545 1043 591 non
1086 524 1448 601 irascatur,
1495 524 1847 591 conferens
1889 547 1984 592 VS.
2028 526 2154 591 627
2172 528 2213 610 ¹)
2256 528 2447 612 λέγων
2488 516 2752 629 χειμῶν’

392 628 675 716 Ἀχαιοῖς
719 629 829 694 οὐκ
870 630 1150 715 ἀμήνιτον
1192 631 1377 698 θεοῖς.
1479 627 1618 694 Sed
1672 628 1895 716 qualis
1937 637 2113 695 esset
2161 629 2332 695 haee
2373 631 2735 709 sententia:

389 731 690 820 „Iupiter
719 733 861 798 sine
904 732 1007 797 ira
1035 741 1104 797 te
1133 753 1394 799 servam
1426 732 1672 796 iecit!“
1706 768 1756 789 —.-
1819 730 2202 797 Absurdum
2237 742 2439 808 esset,
2487 732 2544 796 si
2577 731 2736 820 Cly-

389 844 791 902 taemnestra
817 834 952 900 hoc
976 834 1429 913 contenderet,
1458 832 1629 899 nihil
1660 834 1833 899 enim
1861 855 2178 922 umquam
2204 834 2738 922 antiquiSJmajus

339 946 345 955 '
394 939 663 1004 divinae
690 938 832 1003 irae
861 937 1336 1013 documentum
1379 959 1528 1003 esse
1556 935 1944 1014 videbatur,
1988 960 2189 1025 quam
2232 939 2520 1023 servitu&
2559 958 2740 1023 quae

390 1042 693 1107 conditio
735 1041 937 1129 longe
973 1041 1342 1107 miserrima
1372 1062 1525 1106 sors
1577 1039 1991 1118 habebatur,
2038 1041 2181 1106 sive
2210 1041 2590 1106 clementem
2621 1039 2741 1104 ali·

390 1145 566 1232 quis,
587 1145 729 1209 sive
758 1143 1001 1209 durum
1030 1143 1264 1210 herum
1293 1150 1536 1209 nactus
1567 1151 1725 1208 erat.
1815 1142 1922 1208 Ob
1957 1142 2235 1208 eandem
2267 1163 2540 1208 causam
2571 1163 2737 1207 con-

376 1257 645 1334 jectura
675 1246 983 1313 aFuhrio
1016 1246 1288 1338 prolata
1314 1246 1386 1311 in
1414 1246 1581 1312 diar.
1615 1245 1821 1334 antiq.
1858 1245 2019 1310 1841
2039 1295 2056 1323 ,
2086 1267 2245 1333 pag.
2281 1244 2735 1332 197,ἀμήνιτος,

383 1349 747 1437 rejicienda
777 1359 895 1419 est.
984 1349 1058 1416 Si
1102 1371 1267 1415 vero
1312 1371 1462 1414 eum
1493 1349 1839 1436 plerisque
1870 1349 2167 1435 ἀμηνίτως
2214 1348 2303 1415 ad
2330 1349 2734 1415 infinitivum

384 1454 534 1519 εἶναι
561 1453 934 1529 referimus,
965 1460 1042 1517 ut
1073 1451 1371 1530 dicatur,
1408 1451 1856 1518 Cassandram
1886 1452 2103 1539 ipsam
2135 1450 2280 1518 sine
2308 1451 2414 1516 ira
2441 1474 2618 1529 esse,
2649 1473 2737 1516 ne

383 1556 555 1623 haec
583 1556 848 1645 quidem
894 1543 1227 1621 sententia
1272 1555 1510 1621 melior
1554 1567 1669 1621 est.
1754 1556 1925 1621 Nam
1974 1554 2419 1622 Cassandram
2464 1555 2735 1623 minime

387 1660 667 1726 licenter
692 1658 803 1724 vel
834 1660 985 1724 sine
1010 1660 1113 1723 ira
1132 1660 1365 1746 jugum
1397 1660 1626 1724 subire
1655 1659 2027 1737 servitutis,
2061 1666 2127 1724 et
2146 1659 2288 1744 jam
2319 1680 2442 1745 per
2458 1681 2529 1724 se
2562 1656 2735 1745 Clyt.

384 1764 714 1850 suspicari
770 1769 1004 1849 potest
1060 1768 1126 1825 et
1166 1761 1352 1826 Cass.
1396 1762 1465 1826 in
1508 1761 1637 1826 hac
1681 1763 1834 1848 ipsa
1877 1783 2079 1828 scena
2121 1770 2271 1826 toto
2317 1782 2452 1826 suo
2488 1760 2732 1826 habitu

382 1867 586 1953 plane
613 1872 963 1941 monstrat,
996 1863 1094 1929 ita
1121 1875 1199 1930 ut
1226 1866 1453 1952 inepte
1480 1863 1713 1953 'regina
1739 1865 2006 1943 diceret,
2035 1864 2265 1931 Iovem
2297 1885 2439 1929 eam
2471 1884 2733 1929 servam

376 1968 621 2036 fecisse
665 1989 842 2056 quae
885 1969 1182 2053 ἀμηνίτως
1226 1988 1425 2031 serva
1470 1976 1683 2044 esset5
1732 1968 1790 2031 si
1835 1969 2007 2033 enim
2036 1967 2171 2033 hoc
2200 1967 2299 2032 ita
2324 1988 2401 2031 se
2428 1964 2729 2042 haberet,

386 2072 553 2160 Clyt.
582 2080 731 2137 tota
758 2070 888 2135 hac
932 2069 1407 2137 adhortatione
1451 2073 1893 2156 supersedere
1921 2077 2175 2158 posset.
2249 2069 2386 2135 Sed
2418 2069 2728 2143 arbitror,

379 2196 501 2240 eos
531 2175 657 2262 quix
678 2176 974 2261 ἀμηνίτως
1004 2174 1153 2241 εἶναι
1183 2172 1470 2239 κοινωνόν
1504 2172 1893 2260 copulanda
1924 2196 2070 2240 esse
2100 2180 2511 2250 statuerunt,
2556 2173 2730 2237 inter

383 2299 561 2366 quos
605 2277 802 2343 etiam
841 2277 1447 2355 Hermannus'esn
1493 2275 1628 2342 1100
1671 2277 1905 2343 eodem
1944 2276 2147 2342 modo
2194 2275 2537 2362 accepisse
2586 2296 2725 2361 quo

386 2379 974 2458 Schneidewinus,
1036 2382 1155 2468 qui
1196 2401 1464 2447 sensum
1509 2380 1607 2445 sic
1637 2379 1893 2462 reddit3
1952 2380 2392 2461 „Kassandra
2421 2377 2554 2445 soll
2582 2377 2729 2444 sich

383 2483 635 2572 „willig
661 2483 888 2573 fiigen,
918 2484 1061 2549 und
1089 2484 1245 2550 froh
1275 2485 1438 2559 sein,
1470 2484 1539 2548 in
1573 2485 1678 2549 ein
1711 2484 1979 2551 solches
2007 2484 2200 2554 Haus
2221 2484 2615 2572 gekommen
2642 2504 2724 2552 zu
2779 2525 2786 2533 ⁴

379 2589 650 2666 „sein.“'
694 2589 786 2653 At
824 2586 994 2654 haee
1034 2588 1272 2654 verba:
1331 2587 1484 2655 Ζεὺς
1522 2585 1710 2674 ἔθηκέ
1753 2613 1821 2653 σε
1860 2613 2012 2668 κοιν,
2051 2589 2200 2655 εἶναι
2230 2590 2528 2674 ἀμηνίτως
2556 2582 2723 2651 nihil

385 2692 570 2758 aliud
601 2690 976 2780 significare
1005 2700 1327 2778 possunt,
1379 2690 1508 2756 nisi
1533 2690 1700 2757 hoc:
1746 2692 2044 2780 „Iupiter
2073 2692 2389 2768 effecit,
2433 2704 2517 2756 ut
2545 2691 2725 2754 sine

380 2796 508 2861 ira
565 2793 805 2861 socia
863 2795 1056 2885 si5“‚
1110 2795 1367 2881 Iupiter
1419 2805 1487 2859 te
1530 2793 1693 2861 huic
1735 2796 1937 2862 domo
1982 2796 2233 2862 sociam
2290 2817 2431 2861 11011
2490 2795 2723 2859 iratam
2807 2849 2818 2864 ,

362 2899 720 2986 ‚ti-ibuitx‘.
757 2936 840 2948 —-
898 2897 969 2963 id
1029 2898 1220 2985 quod
1279 2897 1650 2964 absurdum
1712 2922 1858 2966 esse
1903 2899 2235 2976 vidimus,
2290 2917 2717 2987 nequaquam

378 3023 539 3069 vero
565 3000 941 3087 significare
967 3009 1251 3087 queunt:
1282 3000 1580 3089 „Iupiter
1604 3003 1879 3068 voluit
1907 3011 1997 3067 ut
2026 3002 2202 3068 sine
2229 3004 2351 3069 ira
2378 3024 2525 3068 κοιν·
2553 3024 2722 3088 χερν·

380 3106 559 3171 sis.“
632 3104 804 3170 Nam
834 3106 904 3169 in
932 3103 1142 3169 verbo
1172 3105 1401 3180 τιθέναι
1429 3107 1616 3174 notio
1649 3105 1924 3171 effectus
1956 3105 2259 3193 alicujuS‚
2288 3128 2429 3172 non
2458 3104 2716 3172 consilii

377 3209 570 3274 inest.
642 3206 884 3295 Itaque
928 3228 1211 3294 quoquo
1255 3231 1384 3274 nos
1429 3200 1800 3287 vex-timum
1862 3231 2100 3276 sensus
2141 3223 2366 3277 rectus
2410 3219 2475 3277 et
2515 3215 2715 3296 aptus

380 3310 567 3377 nulla
595 3310 856 3375 ratione
886 3331 970 3374 ex
997 3308 1132 3375 hoc
1162 3312 1458 3397 ἀμηνίτως
1484 3311 1638 3377 'elici
1678 3322 1921 3399 potest.
2004 3313 2317 3391 Accedit,
2365 3312 2555 3402 quod
2590 3334 2720 3378 vox

377 3414 583 3501 δόμοις
646 3450 718 3465 -
783 3411 856 3476 id
890 3412 1080 3499 quod
1121 3415 1487 3480 rectissime
1519 3424 1748 3481 monet
1777 3416 2351 3496 SchneidewiuuS,
2398 3458 2478 3468 --
2523 3416 2717 3483 nimis

379 3518 560 3585 nude
587 3516 814 3605 posita
841 3515 1121 3582 videtur.
1212 3518 1395 3583 Haec
1435 3519 1688 3595 omnia,
1719 3527 1923 3605 pute,
1971 3521 2385 3609 perspiciens
2415 3522 2714 3609 ingenio-

378 3622 678 3690 sissimus
708 3621 1007 3685 Auratus
1039 3619 1292 3686 dudum
1340 3621 1664 3708 conjecit:

835 3724 965 3787 ἐπεί
990 3724 1042 3787 0’
1073 3720 1261 3810 ἔθηκε
1285 3712 1436 3795 Ζεῦς
1468 3727 1769 3811 ἀμηνίτως
1800 3728 2005 3813 δόμοις

834 3830 1114 3894 κοινωνὸν
1147 3830 1294 3895 εἶναι
1323 3832 1634 3918 χερνίβων,

382 3930 566 4020 quod
594 3931 849 4016 recepit
874 3930 1253 4011 SchiitziuS‚
1286 3956 1365 3999 ac
1394 3933 1949 4001 Schneidewinus
1979 3937 2047 3998 in
2078 3934 2450 4022 appendice
2476 3934 2713 4000 lauda-

374 4036 489 4102 vit.
572 4033 790 4100 Ambo
851 4036 946 4100 sic
1002 4036 1180 4101 hanc
1221 4037 1579 4104 lectionem
1623 4038 1990 4125 explicant:
2048 4038 2363 4115 „mitibus
2410 4037 2710 4117 aedibus,

375 4137 657 4205 aedibus
700 4138 771 4204 in
817 4139 1063 4227 quibus
1106 4141 1683 4219 serviclementer
1726 4149 2158 4209 tractantur.“
2245 4141 2424 4222 ,Sed
2465 4142 2710 4212 rectius

474 4367 525 4439 1)
561 4364 611 4426 iu
635 4363 855 4428 citandis
879 4336 1126 4443 Aeschyli
1151 4362 1282 4426 locis
1306 4364 1728 4434 Hortensianae
1750 4365 1994 4428 editionis
2014 4383 2262 4437 numero·
2286 4383 2500 4450 aequor.
