3003 4880
1424 355 1474 439 3
1597 381 1603 388 .

275 563 642 658 intelligere
680 573 938 657 potest,
986 567 1107 657 qui
1151 567 1518 656 quamlibet
1562 568 1706 656 ejus
1754 562 2067 633 editionis
2099 564 2420 657 paginam
2453 562 2634 635 evol-

272 682 408 744 vat.
500 670 637 737 Sed
692 670 1171 758 injustissimus
1231 677 1437 748 esset,
1501 671 1621 758 qui
1679 671 1856 736 hanc
1917 669 2279 737 editionem
2349 693 2634 758 prorsus

271 773 767 863 reprehendere
794 795 874 839 ac
905 772 1224 839 damnare
1255 771 1475 838 vellet.
1553 773 1757 839 Haud
1792 794 2024 860 pauca
2052 773 2230 839 enim
2254 773 2633 844 Karstenus

284 878 542 964 primus
581 877 947 944 rectissime
992 876 1412 954 observavit,
1456 884 1666 963 atque
1704 876 1879 943 inter
1919 860 2292 963 permultas
2330 877 2535 943 malas
2570 885 2637 943 et

282 979 578 1046 infelices
609 987 676 1047 et
702 979 974 1045 inutiles
1007 1000 1178 1066 quas
1207 978 1369 1045 fecit
1397 967 1824 1066 conjecturas
1842 1029 1862 1056 ,
1903 978 2273 1046 nonnullae
2302 988 2632 1048 occurant

283 1084 502 1150 bonae
543 1082 654 1149 vel
700 1096 879 1149 cette
923 1083 1207 1148 aliorum
1249 1083 1690 1168 interpretum
1730 1079 2196 1160 inventisnon
2222 1081 2443 1149 minus
2475 1104 2634 1169 pro·

281 1186 573 1265 babiles3
619 1206 757 1252 una
801 1207 965 1252 vero
1008 1184 1208 1251 etiam
1240 1183 1587 1271 praeclara
1614 1184 1931 1251 vocanda
1962 1192 2096 1262 est,
2142 1183 2214 1250 id
2244 1185 2436 1273 quod
2464 1184 2639 1252 infra

283 1288 892 1358 demonstrabimus
926 1287 1016 1356 ad
1058 1308 1159 1353 vs.
1196 1285 1377 1353 1272.
1446 1283 1808 1356 Praeterea
1833 1287 1906 1353 in
1932 1287 2118 1354 notis
2146 1309 2323 1375 quas
2353 1287 2637 1356 editioni

283 1414 451 1459 suae
492 1391 806 1480 adjunxit
823 1441 838 1469 ‚
892 1412 1035 1456 non
1072 1391 1170 1455 ita
1210 1410 1369 1456 raro
1414 1389 1699 1456 subtiles
1741 1402 1803 1454 et
1843 1399 2078 1457 acutas
2131 1391 2640 1470 observationes
2707 1419 2716 1430 ¹

282 1496 527 1583 partim
571 1493 663 1560 ad
719 1492 1048 1559 sermonis
1092 1492 1334 1558 Graeci
1376 1513 1607 1569 usum,
1666 1493 1915 1580 partim
1955 1492 2046 1560 ad
2084 1493 2410 1583 Aeschyli
2430 1501 2639 1564 artem

284 1604 675 1685 spectantes
731 1597 1035 1663 invenire
1093 1596 1337 1683 possis.
1427 1596 1534 1662 Eo
1579 1595 1792 1685 magis
1838 1604 2060 1663 autem
2105 1596 2472 1668 dolendum
2513 1584 2638 1674 est,

289 1700 478 1789 quod
520 1701 621 1768 vir
661 1698 1159 1768 eruditissimus
1205 1707 1417 1787 atque
1454 1698 1644 1766 hand
1690 1699 1938 1788 exigua
1979 1698 2356 1768 subtilitate
2390 1707 2459 1768 et
2485 1723 2641 1770 aeu-

289 1805 465 1870 mine
502 1805 749 1892 ingenii
796 1803 1152 1891 praeditus
1228 1801 1402 1868 adeo
1461 1791 1960 1868 inconsiderate
2015 1812 2221 1892 atque
2289 1803 2646 1874 immodice

291 1907 428 1973 fere
457 1907 716 1995 ubique
746 1907 988 1996 egerit3
1020 1907 1119 1971 ita
1146 1914 1223 1998 ut
1247 1928 1283 1971 e
1309 1926 1557 1994 magna
1580 1927 1882 1972 errorum
1910 1907 2332 1974 multitudine
2358 1908 2646 1978 maxima

287 2031 501 2098 opera
528 2032 609 2076 ea
637 2009 1013 2077 scrutanda
1045 2010 1202 2087 sint,
1236 2029 1412 2097 quae
1439 2008 1722 2096 probari
1753 2016 1959 2097 atque
1988 2010 2203 2097 accipi
2231 2013 2531 2098 possint,
2564 2035 2643 2079 ac

282 2113 533 2181 doctus
617 2115 724 2181 vir
789 2113 1131 2202 Aeschylo
1214 2134 1454 2200 parum
1529 2112 1893 2199 profuerit,
1982 2114 2290 2179 nocuerit
2345 2114 2642 2183 maxime.

282 2219 563 2284 Praeter
602 2217 737 2283 hos
776 2241 933 2284 vero
979 2239 1211 2284 eorum
1257 2217 1376 2305 qui
1420 2215 1810 2282 novissimis
1856 2217 2269 2308 temporibus
2299 2216 2642 2303 praeclare

286 2326 370 2385 ut
397 2318 485 2384 de
514 2320 857 2408 Aeschylo
891 2322 1163 2387 omnino
1196 2320 1296 2387 sic
1327 2320 1413 2386 de
1440 2328 1677 2386 nostra
1705 2319 1940 2386 tabula
1977 2319 2486 2407 interpretanda
2512 2343 2642 2389 mc-

288 2422 567 2499 ruerint,
598 2422 1053 2492 nominandus
1083 2423 1525 2512 estimprimis
1540 2422 2069 2502 Schoemannus,
2100 2423 2188 2490 de
2210 2423 2404 2512 cujus
2435 2448 2646 2492 emen·

288 2524 685 2592 dationibus
705 2525 1269 2594 Schneidewinus
1297 2528 1369 2593 in
1400 2528 1545 2615 ejus
1577 2527 1785 2594 libelli
1815 2549 2097 2594 censura
2112 2527 2201 2609 (in
2214 2527 2396 2594 Jahn
2426 2530 2642 2598 annal.

288 2627 456 2715 phil
500 2628 686 2708 1855)
726 2651 1234 2719 nonnumquam
1263 2652 1726 2719 praepropere
1746 2630 2086 2720 judicavit
2115 2630 2219 2717 (cf.
2250 2652 2427 2718 quae
2462 2632 2643 2700 infra

287 2730 378 2797 ad
407 2752 505 2796 vs.
538 2731 702 2798 1203
733 2732 1280 2821 disputabimus).
2437 2818 2444 2827 ¹

417 2835 645 2922 Atque
700 2837 962 2902 initium
1017 2836 1260 2903 faciam
1319 2861 1360 2904 a
1398 2838 1746 2904 nonnullis
1789 2837 2206 2904 facilioribus
2249 2837 2451 2920 locis;
2499 2850 2642 2908 tum

282 2959 561 3026 pergam
592 2938 681 3004 ad
710 2939 1011 3006 ultimam
1042 2963 1284 3008 scenae
1313 2953 1611 3027 partem,
1641 2963 1739 3007 vs.
1774 2942 1938 3008 1215
1969 2963 2177 3031 seqq„
2213 2964 2413 3030 quam
2445 2966 2647 3029 accus-⁸

283 3044 501 3110 ratius
534 3043 978 3131 contempla-ri
1008 3044 1251 3132 placet,
1286 3047 1546 3134 quippe
1573 3046 1645 3111 in
1674 3066 1814 3133 qua
1844 3045 2190 3133 complura
2222 3045 2447 3114 adhuc
2478 3048 2640 3115 mihi

281 3146 585 3212 nondum
616 3148 779 3213 satis
826 3150 1209 3219 examinata
1238 3170 1385 3214 esse
1416 3150 1568 3214 visa
1598 3150 1748 3216 sint.

406 3248 511 3315 De
541 3250 795 3328 vs.995,
829 3251 1039 3338 hujus
1064 3275 1325 3339 scenae,
1356 3252 1681 3331 secundo,
1712 3250 1969 3317 idcirco
2002 3252 2237 3332 dicam,
2270 3262 2348 3321 ut
2372 3254 2641 3321 demons-

288 3359 519 3430 strem,
548 3352 978 3432 Karstenum,
1013 3376 1303 3443 quocum
1347 3357 1418 3422 in
1446 3355 1724 3443 re'liquis
1752 3354 1926 3421 locis
1956 3363 2217 3422 tantum
2248 3378 2391 3423 non
2422 3360 2635 3423 omni-

285 3457 415 3522 bus
446 3456 806 3532 dissentio,
853 3457 963 3523 hic
1006 3468 1260 3525 rectum
1292 3460 1578 3538 vidisse3
1612 3460 1707 3525 ita
1736 3470 1815 3525 ut
1845 3480 2084 3536 „suum
2115 3460 2398 3547 cuique“
2432 3463 2639 3528 tribu-

285 3559 423 3626 isse
442 3559 740 3646 judicari
772 3562 1045 3646 possim.

426 3664 957 3751 Clytaemnestra
990 3664 1437 3732 Cassandram
1468 3665 1918 3732 adhortatura
1947 3674 2022 3731 ut
2053 3665 2319 3734 domum
2350 3669 2640 3758 ingredi-

289 3774 476 3843 atur,
512 3767 616 3833 his
646 3767 868 3833 verbis
901 3768 1268 3834 orationem
1300 3790 1487 3834 suam
1521 3770 1772 3855 incipit.

504 3879 624 3951 (ve.
662 3870 812 3951 944)
900 3872 1043 3936 εἴσω
1075 3874 1324 3957 κομίζου
1356 3875 1456 3937 καὶ
1488 3870 1966 3966 σὺΙΚαόάνὸραν
1997 3872 2156 3956 λέγω

907 3977 1038 4041 ἐπεί
1062 3975 1305 4063 σ’ἕθηκε
1335 3975 1893 4062 Ζεὺς,ἀμηνι’τως
1923 3976 2129 4062 δόμοις

910 4081 1192 4147 κοινωνὸν
1225 4080 1405 4156 εἶναι.
1434 4064 1726 4169 χερνίβων
1756 4104 1813 4145 κ·
1857 4104 1910 4145 τ·
1939 4084 1995 4146 λ·

419 4176 581 4246 Vox
612 4202 786 4269 quae
832 4197 943 4248 est.
959 4186 1258 4271 ἀμηνίτως
1298 4193 1524 4251 utrum
1566 4207 1720 4251 cum
1764 4183 1951 4271 ἔθηκε
1992 4205 2082 4251 an
2121 4206 2270 4251 cum
2302 4185 2449 4251 εἶναι
2480 4207 2641 4253 con-

208 4340 223 4357 .
278 4284 637 4373 jungenda
681 4287 800 4364 sit,
861 4288 1249 4375 disceptant
1291 4291 1707 4379 interpretes,
1795 4287 1974 4355 Illud
2017 4289 2254 4355 statuit
2298 4312 2443 4354 cum
2492 4289 2644 4355 aliis

285 4385 768 4471 Blomfieldius,
803 4392 922 4482 qui
952 4395 1164 4464 verba
1196 4392 1350 4466 Ζεὺς
1379 4395 1686 4484 ἀμηνίτως
1717 4391 1963 4482 σ’ἔθηκε
1992 4391 2315 4485 explicat:
2361 4392 2642 4463 clemen-
