3003 4880
1357 376 1447 474 11

207 595 460 672 sentit:
507 598 1021 691 Agamemnonis
1052 604 1336 671 necandi
1368 603 1740 694 aliquando
1782 595 1978 673 nobis
2020 589 2407 672 facultatem
2451 591 2571 672 da*

414 707 539 773 iri<
572 708 713 775 Iam
760 721 1064 795 apparet,
1108 729 1342 775 vocem
1376 710 1609 795 σφαγὰς
1637 730 1772 774 non
1804 728 1950 781 esse
1995 708 2403 784 mutandam,
2451 709 2571 775 sed

162 716 467 878 ‘Q
491 808 945 896 corruptelam
973 810 1045 873 in
1072 832 1242 876 voce
1269 811 1468 899 πυρός.
1503 810 1818 887 Accedit,
1851 811 2039 897 quod
2068 812 2139 876 in
2167 811 2297 877 fine
2327 812 2564 877 versus

217 912 514 1000 aliquod
554 912 963 977 vocabulum
1006 916 1220 1000 magis
1267 914 1733 1002 depravationi
1778 913 2157 1001 expositum
2203 923 2321 992 est,
2370 934 2573 1002 quam

218 1015 304 1080 in
347 1014 564 1080 medio
603 1036 820 1081 versu.
917 1014 1249 1103 Equidem
1307 1017 1517 1105 igitur
1572 1017 1857 1105 conjeci:
1915 1016 1988 1082 τὰ
2049 1018 2151 1103 μὲν
2210 1021 2320 1105 γὰρ
2379 1019 2574 1086 ἑστίας

223 1120 621 1206 μεσομφάλου

760 1220 1001 1308 ἕστηκεν
1033 1222 1150 1308 ἤδη
1185 1224 1346 1308 μῆλα
1374 1225 1523 1310 πρὸς
1553 1223 1786 1310 σφαγὰς
1813 1225 2015 1301 πάλαι,

218 1320 417 1411 quod
452 1324 851 1415 vocabulum
885 1324 1304 1412 aptissimum
1350 1333 1451 1391 est
1496 1327 1585 1392 ad
1630 1326 2107 1403 denotandum,
2153 1325 2569 1415 Clytaemne-

210 1434 403 1491 strae
432 1444 689 1491 summo
723 1447 928 1514 opere
959 1426 1410 1497 festinandum
1458 1450 1606 1494 esse
1652 1450 1731 1494 ac
1776 1438 2039 1516 tempus
2083 1448 2342 1516 urgere.
2433 1426 2571 1493 Sed

213 1551 377 1594 cum
433 1528 944 1595 incertissimum
1002 1529 1138 1594 hoc
1178 1531 1303 1605 sit,
1365 1530 1542 1596 hanc
1601 1532 2053 1618 conjecturam
2100 1530 2404 1618 proferre
2461 1531 2577 1593 vix

215 1652 434 1698 ausus
465 1652 627 1697 sum.
714 1631 962 1698 Totius
992 1653 1154 1697 vero
1185 1631 1320 1698 loci
1349 1654 1590 1699 sensus
1620 1634 1987 1700 secundum
2019 1655 2223 1699 meam
2255 1633 2575 1719 interpre-

214 1733 548 1800 tationem
578 1733 691 1798 hic
722 1741 853 1799 est:
902 1756 1082 1812 „non
1110 1733 1331 1801 habeo
1378 1737 1609 1823 otium,
1657 1744 1811 1802 ante
1855 1746 2091 1823 portas
2135 1734 2323 1821 apud
2373 1734 2574 1799 istam

225 1837 654 1915 commorari3
697 1858 848 1902 nam
879 1835 1161 1915 hostiae,
1206 1839 1273 1902 in
1317 1860 1450 1933 ara·
1465 1838 1538 1904 in
1567 1839 2004 1905 interioribus
2037 1837 2318 1904 aedibus
2346 1837 2577 1924 posita

219 1938 693 2017 immolandae,
715 1939 1118 2027 jamdudum
1151 1940 1239 2006 ad
1269 1942 1538 2008 caedem
1571 1950 1851 2030 paratae
1881 1948 2124 2009 stant.“

350 2041 428 2108 In
475 2043 869 2109 commatica
918 2042 1125 2130 hujus
1167 2065 1406 2109 scenae
1449 2052 1645 2131 parte
1691 2066 1912 2133 pauca
1954 2052 2132 2122 sunt,
2195 2045 2280 2110 de
2326 2044 2574 2132 quibus

215 2145 392 2210 novi
434 2144 718 2233 aliquid⁴
755 2145 1060 2232 proferre
1101 2147 1372 2233 possim.
1455 2169 1552 2213 vs.
1586 2147 1769 2219 1062.
1815 2151 1974 2223 ἀλκά
2010 2150 2205 2218 affixa<
2246 2150 2577 2212 ἀποστατεῖ.

215 2247 468 2331 Neque
510 2247 595 2310 de
639 2247 879 2313 Oresta
922 2248 1357 2337 cogitandum
1417 2258 1520 2316 est
1578 2273 1724 2316 cum
1767 2251 2169 2329 Scholiasta,
2231 2251 2574 2328 Schiitzio‚

218 2345 636 2424 Hermann0‚
693 2348 979 2436 Engero,
1038 2351 1206 2429 aliis,
1267 2374 1488 2442 neque
1533 2353 1617 2419 de
1659 2352 1967 2421 Menelao
2013 2377 2159 2422 cum
2204 2354 2574 2433 Klauseno‚

226 2444 764 2530 Schneidewino,
809 2452 905 2530 aL,
949 2455 1067 2521 sed
1110 2456 1506 2545 generaliter
1536 2457 1669 2524 hoc
1700 2458 1953 2525 dictum
1997 2466 2113 2526 est.
2198 2459 2439 2547 Neque
2467 2459 2573 2525 ul-

219 2548 359 2615 lam
387 2551 590 2618 video
623 2573 910 2634 causam,
954 2575 1075 2624 cur
1116 2558 1201 2625 de
1233 2582 1367 2626 uno
1400 2560 1728 2649 singulari
1761 2562 2057 2650 quodam
2086 2561 2354 2628 homine
2385 2562 2572 2649 cogi-

217 2661 452 2722 temus.
541 2655 922 2724 Cassandra
979 2682 1129 2726 cum
1187 2661 1378 2729 dicit:
1440 2664 1804 2742 „auxilium
1849 2665 2091 2753 procul
2135 2665 2366 2732 abest“
2371 2715 2387 2743 ‚
2444 2613 2579 2730 hooc

217 2778 364 2823 non
407 2767 534 2825 est:
595 2758 868 2828 Orestes
910 2763 1019 2830 vel
1060 2764 1408 2832 Menelaus
1442 2770 1654 2847 abest,
1701 2768 1824 2835 sed
1867 2768 2136 2835 omnino
2184 2790 2412 2836 omnes
2457 2767 2578 2860 qui

223 2880 424 2949 opem
451 2860 625 2929 ferre
655 2864 939 2951 possint.

346 2986 446 3031 vs.
483 2965 647 3033 1073
678 2987 865 3057 seqq.
914 2968 1341 3036 Cassandrae
1369 2973 1579 3038 verba
1606 2972 1776 3039 haec
1803 2973 2151 3063 leguntur:

831 3070 924 3136 3*
889 3098 942 3150 ε,
971 3081 1167 3139 παπαῖ
1190 3082 1400 3156 παπαῖ,
1429 3078 1489 3142 τί
1511 3076 1651 3143 τόδε
1681 3081 1980 3166 φαίνεταις

827 3177 868 3263 ἧ
901 3177 1130 3244 δίκτυόν
1160 3204 1216 3245 τι
1232 3175 1490 3260 ‘'Atooo3

829 3282 947 3346 ἀλλ’
984 3282 1166 3370 ἄρκυς
1193 3286 1234 3370 ἡ
1267 3285 1618 3371 Εὑνευνος,ἡ
1651 3286 1913 3358 ξυναιτία

835 3385 1045 3471 φόνου*
1106 3390 1309 3458 στάσις
1338 3413 1394 3454 κ·
1424 3413 1476 3453 τ’
1508 3393 1563 3454 λ·

355 3479 609 3569 Injuria
653 3483 1064 3555 Wieselerus
1106 3491 1175 3556 in
1220 3492 1438 3562 annal.
1486 3492 1790 3580 Gotting.
1826 3490 2050 3568 1854.
2083 3509 2239 3579 pag.
2282 3488 2398 3556 101
2438 3509 2564 3577 pro

230 3584 360 3650 ἀλλ’
390 3586 576 3673 ἄρκυς
604 3588 864 3655 scribit:
911 3595 1229 3682 ἁλουργές,
1287 3595 1698 3661 Karstenus:
1749 3597 1878 3659 ἀλλ’
1911 3594 2141 3681 ἀνδρός·
2229 3590 2561 3658 Traditan

220 3688 571 3755 lectionem
614 3704 793 3759 recte
823 3697 1187 3784 explicavit
1215 3697 1786 3765 Schneidewinus.
1876 3696 2185 3785 Engerus
2216 3717 2377 3761 vero
2410 3716 2560 3762 son:

225 3795 355 3856 ἀλλ’
387 3793 520 3880 ἅρκ·
551 3796 594 3892 ᾖ
624 3798 735 3868 ξύν.
750 3822 806 3863 κ·
836 3824 889 3864 τ’
913 3805 968 3865 λ·
998 3823 1126 3888 pro
1158 3804 1199 3888 ἡ
1231 3803 1516 3882 ξύνευνος,
1547 3811 1623 3868 ut
1646 3804 2061 3888 praepositio
2094 3802 2163 3866 in
2191 3819 2363 3865 voce
2394 3820 2569 3888 quae

230 3901 330 3958 est
359 3898 635 3979 ξυναιτία,
668 3922 857 3968 suam
889 3904 1019 3969 vim
1051 3904 1314 3971 habeat.
1374 3904 1480 3969 Ita
1507 3905 2032 3992 Clytaemnestra
2056 3903 2216 3970 retis
2248 3902 2571 3968 consocia

228 3999 697 4085 appellaretur.
755 4005 833 4072 In
864 4006 1047 4074 hunc
1076 3996 1329 4075 mulum
1348 4008 1491 4096 jam
1522 4008 1908 4073 Klausenus
1937 4006 2106 4073 haec
2134 4006 2342 4073 verba
2368 4005 2569 4071 inter·

228 4111 531 4191 pretatus
574 4116 707 4184 est.
769 4112 1000 4188 „socia
1040 4113 1109 4179 in
1150 4110 1457 4199 paranda
1489 4109 1707 4176 caede.
1794 4110 2008 4177 Addit
2054 4119 2288 4199 poeta,
2336 4107 2566 4175 eadem

228 4207 527 4286 ,statione
558 4232 695 4301 qua
724 4199 957 4279 tunica
981 4216 1140 4282 retis
1171 4215 1455 4292 nomine,
1487 4214 1702 4280 cassis
1716 4214 1980 4280 nomine
2012 4213 2345 4300 designari
2362 4233 2568 4300 posse

226 4333 575 4393 „uxorem,
608 4337 785 4406 quae
827 4317 1060 4386 Orcini
1098 4321 1268 4386 retis·
1301 4326 1404 4386 est
1445 4319 1662 4396 socia,
1724 4339 1899 4406 quae
1938 4314 2116 4383 idem
2156 4317 2327 4405 agit,
2375 4314 2565 4403 quod

231 4417 498 4498 „tunica
526 4416 676 4500 illa,
719 4430 797 4489 ut
827 4420 1009 4493 Orco
1041 4423 1348 4496 tradatur
1373 4424 1713 4495 maritum&
1745 4459 1828 4477 -·
1852 4418 1989 4491 Sed
2020 4420 2565 4514 Clytaemnestra,
