3003 4880
14 721 86 778 cta
128 723 135 738 ¹

1152 1251 1155 1260 ¹
1282 1185 1590 1386 vita,
1705 1315 1712 1326 ‚

429 1473 665 1590 Natus¹
694 1537 845 1584 sum
885 1540 1009 1607 ego
1053 1516 1337 1590 Carolus
1377 1519 1745 1609 ridulphus
1786 1518 1841 1588 F
1844 1519 2140 1594 eudorus
2180 1459 2430 1596 11110118
2464 1521 2598 1590 13oe

263 1620 535 1710 stampii
563 1619 679 1688 die
699 1615 820 1686 XL
852 1641 1056 1710 mens.
1082 1618 1262 1708 Maji.
1282 1640 1343 1686 a.
1374 1619 2097 1710 CIQIQCCCXXXVI.
2123 1631 2321 1714 patre
2351 1622 2597 1694 081010

261 1721 585 1811 Adolpho
613 1720 860 1792 Rhode
887 1731 1284 1800 mercatore,
1312 1730 1525 1790 matre
1554 1722 1884 1794 Theresia
1910 1745 1950 1790 e
1969 1732 2166 1812 gente
2186 1723 2601 1805 Jacobissex

260 1826 546 1898 fratrum
574 1833 742 1920 natu
768 1825 1102 1894 minimus.
1163 1823 1354 1894 Fidei
1384 1825 1824 1915 evangelicae
1840 1825 2154 1894 addictus
2181 1827 2603 1904 81118.Ρο81·

114 1971 121 1978 ·
262 1951 467 2020 quam
497 1928 731 2017 primis
759 1926 1129 1998 litterarum
1159 1927 1556 1998 rudimentis
1582 1928 1939 1998 Berolini
1912 1952 1990 1998 m
2029 1927 2271 1996 schola
2309 1923 2603 2004 Diester·

263 2034 569 2124 wegiana
598 2030 893 2097 imbutus
923 2051 1104 2108 sum,
1149 2029 1309 2096 inde
1352 2031 1440 2098 ab
1484 2054 1664 2100 88110
1696 2033 1934 2099 aetatis
1972 2053 2160 2098 meae
2187 2031 2443 2104 decimo
2473 2032 2599 2104 ibi-

264 2137 441 2210 dem
454 2157 578 2223 per
622 2134 1150 2223 quinquennium
1204 2155 1286 2200 ac
1329 2143 1645 2218 semestre
1688 2135 1983 2222 spatium
2011 2135 2450 2223 gymnasium
2445 2134 2568 2204 Ε
2515 2159 2602 2210 m

263 2238 526 2310 derico-
533 2236 965 2314 Guilelmum,
1009 2235 1203 2326 quod
1239 2236 1388 2304 viro
1426 2237 1893 2305 Illustrissimo
1943 2236 2140 2306 Ferd.
2177 2236 2474 2326 Ranhzio
2499 2260 2606 2308 re-

263 2352 452 2412 ctore
492 2339 720 2419 floret,
766 2338 1233 2428 frequentavi,
1278 2361 1387 2408 ac
1396 2341 1959 2432 praeceptoribus
2010 2361 2178 2409 usus
2236 2363 2383 2420 811111
2419 2341 2603 2416 viria

264 2445 675 2515 doctissimis
709 2443 996 2523 Gerber,
1000 2442 1346 2524 Riickert',
1374 2443 1617 2529 Bohm,
1648 2443 1960 2534 Drogan,
1991 2446 2216 2534 (quern
2243 2452 2406 2513 ante
2428 2466 2599 2533 pau-

259 2570 375 2617 cas
415 2546 880 2644 hebdomades
925 2568 1092 2615 casu
1132 2530 1538 2617 tristissimo.
1562 2550 1771 2617 vitam
1810 2550 2115 2617 amisisse
2156 2571 2307 2617 cum
2347 2566 2596 2637 magno

148 2700 152 2702 ἡ
260 2653 463 2721 animi
493 2652 731 2721 dolore
761 2650 1053 2739 audivi),
1082 2650 1462 2732 Bresemer,
1492 2651 1749 2731 Yxem,
1796 2652 2094 2730 Walter,
2118 2652 2599 2742 ‘Heydemanm

258 2756 469 2834 Foss,
498 2754 1482 2836 Luchterhand,-Sche}lbach‚
1514 2755 1928 2836 Uhlemann„
1979 2755 2147 2825 Cum
2174 2777 2260 2825 m.
2281 2758 2597 2844 Augusto

261 2881 324 2927 a.
357 2856 854 2946 CIQIQCCCL„
912 2881 1018 2925 me
1059 2881 1274 2948 puero
1322 2860 1835 2948 quatuordecim
1880 2880 2100 2925 annos
2137 2871 2301 2929 nato
2317 2909 2343 2951 ,Ι
2391 2866 2606 2933 188181·

265 2962 584 3052 conjuge,
625 2983 755 3031 nos
782 2971 982 3050 patre
1011 2963 1356 3031 carissimo
1401 2973 1468 3031 et
1493 2964 1691 3035 simul
1718 2984 1872 3031 cum
1898 2985 1982 3030 eo
2012 2963 2341 3033 columine
2366 2969 2602 3031 nostro
2690 2990 2694 2994 >

260 3088 342 3137 ac
371 3073 597 3135 tutore
636 3065 859 3135 orbati
886 3088 1215 3145 essemus,
1271 3076 1481 3136 mater
1520 3089 1779 3135 mecum
1809 3066 2139 3136 Dresdam
2181 3088 2253 3132 se
2296 3063 2602 3143 eontulit,

258 3171 383 3243 ubi
392 3168 674 3237 fratrum
695 3182 1175 3237 meorumnam
1184 3171 1514 3237 maximus
1523 3179 1686 3238 tunc
1697 3178 2103 3259 praeceptor
2132 3177 2277 3237 erat
2304 3168 2375 3234 in
2404 3184 2597 3256 3918ρ

258 3274 456 3345 nasio
487 3273 933 3365 celeberrimo
943 3273 1557 3353 Blochmanniano,
1602 3274 1790 3361 quod
1815 3273 2392 3390 Bezzenbergero,
2450 3272 2600 3341 viro

262 3377 645 3461 Clarissimo
678 3356 1102 3456 doctissimo,
1131 3377 1328 3444 floret
1352 3392 1633 3445 rectore.
1724 3379 1933 3467 Cujus
1956 3377 2294 3467 gymnasii
2321 3373 2603 3463 primam

263 3482 546 3552 classem
575 3480 736 3548 dum
764 3480 926 3546 inde
954 3503 996 3546 a
1022 3503 1248 3548 mense
1276 3480 1495 3569 Aprili
1525 3504 1585 3548 a.
1620 3475 2153 3571 CIQIQCCCLII.
2184 3500 2309 3568 per
2338 3477 2602 3564 sesqui·

263 3607 513 3655 annum
552 3584 1095 3673 frequentabam,
1156 3606 1236 3650 ac
1278 3585 1630 3673 disciplina
1671 3587 2035 3674 praecipue
2062 3578 2629 3669 Bezzenbergeri,

263 3691 392 3761 viri
422 3674 775 3777 insigniter
805 3688 892 3775 de
918 3710 1023 3755 me
1050 3689 1295 3768 meriti,
1325 3689 1590 3757 Alfredi
1615 3688 2025 3759 Fleckeiseni
2057 3686 2202 3774 (qui
2234 3706 2411 3753 nunc
2438 3683 2604 3750 Pro·

264 3796 481 3861 188801
508 3791 1093 3859 Francofurtensis
1125 3794 1242 3879 est)
1259 3838 1277 3871 ,
1334 3793 1606 3883 Alberti
1637 3791 1893 3859 Rhodii
1934 3790 2162 3858 fratris
2207 3797 2274 3857 81
2308 3809 2603 3857 consan-

268 3898 613 3986 guinitatis
680 3896 957 3963 vinculo
1029 3907 1096 3965 et
1164 3898 1540 3966 studiorum
1596 3898 2006 3985 aequalitate
2064 3891 2608 3981 conjunctissimi,

271 4000 447 4068 Guil.
482 4001 782 4069 Herbstii
811 4002 1084 4082 utebar,
1113 4002 1364 4069 factum
1395 4011 1529 4079 est,
1590 3986 1667 4067 ut
1707 4000 2058 4088 paullatim
2101 4019 2267 4085 prae
2296 3995 2606 4063 omnibus

269 4111 530 4172 veteres
574 4106 937 4193 scriptores
967 4106 1238 4173 mirifice
1266 4106 1661 4173 adamarem.
1777 4106 1879 4172 Ac
1910 4103 2271 4192 praecipue
2309 4120 2458 4168 cum
2487 4119 2611 4186 per

266 4208 539 4280 fratrem
568 4207 849 4297 primam
879 4212 1286 4299 tragicorum
1316 4211 1724 4281 Graecorum
1769 4209 2077 4277 notitiam
2115 4207 2431 4282 facerem,
2491 4222 2613 4290 per

268 4314 876 4404 Bezzenbergerum
943 4319 1165 4386 Taciti
1234 4327 1301 4387 et
1355 4315 1860 4394 Demosthenis,
1932 4335 2057 4402 per
2112 4309 2612 4378 Fleckeisenum

269 4432 624 4518 poetarum
664 4423 1058 4495 Latinorum
1102 4427 1343 4499 studiis
1372 4422 1693 4507 initiarer,
1739 4420 1910 4491 adeo
1956 4415 2334 4515 augebatur
2363 4413 2432 4481 18
2463 4408 2608 4500 dies
