3003 4880
1577 303 1673 388 1⁰

435 520 507 591 in
540 518 788 613 quibus
836 515 1212 590 ἐποπτεύσας
1258 517 1444 606 μάτην
1492 513 2034 607 conjungendum
2079 523 2181 586 est
2204 517 2265 600 ¹).
2365 514 2498 587 Sed
2544 518 2608 588 si
2664 516 2848 589 tali-

431 625 633 693 modo
677 625 884 692 verba
927 621 1271 712 quaedam
1337 635 1525 687 arcte
1570 621 1743 687 inter
1785 642 1857 687 se
1902 623 2328 690 cohaerentia
2373 623 2846 702 dirimuntur,

430 732 565 799 hoc
592 753 675 809 eo
709 737 967 796 tantum
998 725 1288 795 consilio
1324 725 1468 792 fieri
1498 730 1749 811 potest,
1796 733 1873 790 ut
1917 748 2230 814 magnum
2270 727 2548 814 pondus
2596 728 2845 795 cadat

433 837 504 900 in
533 853 675 899 eam
708 852 942 897 vocem
974 851 1153 916 quae
1184 829 1254 895 in
1274 828 1419 893 'fine
1449 827 1821 893 sententiae
1850 839 2175 915 ponatur3
2221 830 2396 896 sieut
2423 830 2493 895 in
2521 829 2654 897 illo
2695 854 2842 898 no-

438 945 616 1005 strae
656 934 928 1001 fabulae
968 931 1123 997 loco
1174 932 1241 995 in
1287 952 1460 997 voce
1504 932 1689 1016 μάτην
1735 953 2062 997 summum
2106 933 2474 999 sententiae
2518 934 2836 1022 pondus

437 1041 631 1114 inest,
664 1046 730 1103 et
760 1037 856 1102 sic
885 1036 956 1100 in
986 1035 1134 1100 aliis
1164 1033 1331 1099 locis
1362 1032 1456 1109 fit,
1487 1034 1604 1099 ubi
1633 1034 1799 1100 talia
1826 1033 2255 1102 inveniuntur
2268 1036 2352 1117 ²),

610 1141 850 1228 Itaque
880 1143 1190 1226 apparet,
1236 1135 1462 1213 credo,
1498 1136 1772 1223 quando
1804 1145 1871 1203 et
1900 1158 2102 1225 quam
2135 1140 2224 1204 ob
2256 1161 2524 1206 causam
2558 1140 2827 1227 tragici

438 1263 941 1330 nonnumquam
1007 1240 1181 1305 tales
1242 1238 1371 1303 sibi
1429 1238 1735 1305 licentias
1795 1241 2218 1326 permiserint
2259 1244 2330 1308 in
2375 1242 2821 1308 collocandis

438 1345 808 1415 vocabulis.
893 1342 1032 1409 Sed
1081 1343 1141 1408 si
1197 1339 1397 1428 plane
1439 1342 1628 1407 nulla
1669 1343 1842 1408 ratio
1888 1344 2099 1421 adest,
2160 1345 2347 1413 haud
2403 1345 2609 1411 facile
2669 1352 2809 1411 tam

442 1451 719 1516 licenter
752 1446 983 1533 rerba
1039 1465 1371 1532 posuere;
1428 1465 1650 1531 neque
1707 1445 1912 1533 igitur
1966 1448 2347 1536 Aeschylus
2414 1448 2552 1515 hoc
2625 1448 2803 1524 fecit,

449 1553 706 1640 quippe
737 1549 853 1637 qui
883 1557 961 1625 ut
988 1548 1326 1614 Homerus
1359 1546 1497 1624 „nil
1524 1538 1751 1635 inepte
1780 1549 2052 1616 molitus
2084 1561 2239 1617 est.“
2295 1552 2535 1640 Itaque
2567 1562 2807 1618 nostro

447 1657 626 1730 loco,
656 1653 773 1719 ubi
800 1653 868 1717 in
901 1650 1075 1718 illud
1103 1652 1289 1737 πάρος
1319 1673 1405 1717 ne
1433 1652 1767 1718 minimum
1799 1652 2069 1740 quidem
2098 1652 2421 1740 ponderis
2434 1654 2546 1720 vel
2574 1677 2817 1722 accen·

444 1769 558 1824 tus
588 1755 858 1822 caderet
887 1756 952 1821 in
982 1755 1526 1842 pronuntiando,
1573 1754 1934 1822 admodum
1962 1756 2317 1844 langueret
2343 1757 2478 1825 hoc
2508 1759 2818 1824 vocabu-

344 1920 349 1926 .
443 1861 585 1927 lum
612 1869 749 1926 tam
774 1857 979 1947 longe
1008 1858 1365 1923 diremtum
1397 1879 1438 1923 a
1468 1858 1738 1924 nomine
1767 1881 1893 1925 suo
1925 1868 1991 1925 et
2019 1859 2091 1923 in
2120 1859 2251 1926 fine
2281 1861 2657 1927 sententiae
2689 1884 2813 1950 po-

449 1966 685 2043 situm3
736 1970 1049 2049 essetque
1079 1962 1376 2048 perversi
1421 1970 1683 2048 poetae,
1730 1960 2025 2054 aliquam
2072 1983 2306 2031 vocem
2352 1962 2807 2031 collocatione

446 2075 641 2135 tanto
677 2086 881 2153 opere
912 2062 1255 2140 extollere,
1301 2083 1476 2150 quae
1509 2062 1597 2129 ad
1628 2066 2021 2133 sententiam
2056 2087 2336 2152 prorsus
2365 2065 2620 2135 nullius
2664 2088 2801 2134 mo·

451 2172 658 2238 menti
689 2174 886 2238 esset.
2197 2192 2202 2198 ·

576 2273 760 2341 Idem
791 2277 1252 2358 argumentum
1298 2273 1480 2337 valet
1513 2270 1599 2337 de
1630 2270 2011 2337 Thierschii
2056 2272 2453 2359 conjectura
2496 2273 2589 2359 (in
2636 2274 2795 2341 actis

452 2376 644 2447 acad.
674 2376 937 2444 Monac.
978 2372 1160 2450 1852,
1192 2380 1350 2443 tom.
1383 2372 1523 2452 VI.‚
1553 2396 1618 2462 p.
1647 2374 1773 2440 410
1804 2376 2073 2463 prolata
2086 2382 2126 2456 z)
2156 2377 2304 2464 πρὸς
2337 2377 2571 2462 σφαγὰς
2596 2379 2802 2458 πέλας,

455 2479 648 2568 quod
688 2480 845 2570 item
886 2476 980 2542 ad
1023 2477 1213 2564 genit.
1257 2477 1449 2548 ἑστίας
1489 2478 1910 2545 referendum
1941 2488 2131 2572 esset.
2216 2479 2346 2544 Alii
2377 2502 2535 2546 vero
2564 2483 2799 2564 σφαγὰς

455 2592 789 2654 mutantes
818 2582 1004 2667 πυρὸς
1034 2579 1355 2647 intactum
1402 2580 1745 2667 reliquere.
1837 2580 2042 2663 Quod
2089 2604 2225 2648 non
2268 2582 2573 2652 videntur
2609 2589 2791 2649 reete

453 2686 857 2763 instituisse3
891 2704 1041 2758 nam
1074 2703 1230 2760 vox,
1264 2702 1438 2769 quae
1468 2689 1571 2749 est
1603 2684 1855 2771 σφαγὰς,
1888 2683 1977 2748 ad
2007 2686 2398 2752 sententiam
2426 2685 2796 2752 necessaria

458 2796 579 2866 est,
628 2789 789 2876 quia
833 2788 965 2855 hoc
1017 2784 1356 2852 vocabulo
1417 2794 1673 2853 mutato
1719 2786 1836 2853 illa
1864 2789 2224 2856 verborum
2254 2790 2568 2856 consulta
2594 2790 2788 2855 ambi-

460 2890 683 2979 guitas
728 2889 1007 2965 tollitur.
1070 2910 1246 2977 quae
1285 2888 1354 2953 in
1387 2888 1953 2977 Clytaemnestrae
1999 2892 2420 2962 orationibus
2439 2892 2645 2980 ,apud
2683 2913 2788 2958 no·

461 3002 674 3060 strum
703 3000 840 3059 tam
872 3013 1075 3080 saepe
1107 2991 1328 3079 detegi
1360 2993 1600 3080 potestss
1687 2994 1856 3081 Clyt.
1888 2994 2061 3059 enim
2090 2994 2225 3060 hoc
2254 2995 2409 3060 loco
2444 2995 2531 3062 de
2560 2996 2790 3062 ovibus

462 3097 771 3185 loquenS,
793 3117 968 3184 quae
987 3097 1126 3183 jam
1158 3093 1248 3159 ad
1281 3116 1463 3159 aram
1494 3103 1675 3164 stent
1702 3105 1780 3162 ut
1808 3105 2198 3173 mactentur,
2229 3097 2461 3163 intimo
2492 3098 2562 3164 in
2585 3102 2791 3166 animo

465 3198 551 3265 de
592 3200 1095 3288 Agamemnone
1154 3198 1426 3286 cogitat,
1489 3198 1606 3284 qui
1665 3200 1809 3287 ejus
1873 3201 2067 3287 quasi
2123 3198 2349 3268 hostia
2393 3208 2507 3267 est.
2605 3201 2791 3268 Hunc

464 3312 714 3368 tectum
744 3311 1011 3368 sensum
1042 3301 1111 3365 in
1143 3300 1250 3367 his
1280 3300 1503 3368 verbis
1532 3300 1843 3376 latentem
1874 3302 2340 3369 animadvertit
2366 3302 2788 3373 Thiersehius

461 3405 499 3473 l.
528 3404 571 3474 1.
604 3428 665 3494 p.
695 3404 835 3470 410.
920 3404 1105 3470 Idem
1138 3402 1222 3468 de
1252 3404 1561 3491 proximo
1596 3426 1869 3493 quoque
1896 3428 2096 3472 versu
2126 3406 2331 3476 valet:

1041 3512 1123 3578 ὡς
1155 3505 1355 3572 οὔποτ’
1388 3508 1657 3576 ἐλπίσασι
1685 3509 1844 3593 τὴνδ’
1876 3509 2019 3582 ἕξειν
2050 3512 2222 3597 χάριν

464 3612 535 3677 in
584 3609 834 3700 quibus
867 3609 1039 3700 Clyt.
1083 3612 1257 3696 τήνδε
1297 3612 1468 3697 χάριν
1515 3632 1555 3675 a
1588 3610 1813 3678 Choro
1859 3613 2129 3700 quidem
2172 3613 2269 3680 sic
2311 3614 2457 3682 vult
2495 3610 2780 3697 intelligi:

463 3718 1025 3801 Agamemnonem
1054 3712 1334 3780 feliciter
1361 3734 1783 3780 reversurum
1814 3737 1961 3783 esse
1991 3738 2070 3784 ac
2102 3738 2228 3804 pro
2258 3715 2479 3782 reditu
2507 3714 2640 3803 ejus
2661 3710 2777 3778 diis

466 3814 777 3903 propitiis
820 3837 946 3882 nos
994 3837 1197 3903 posse
1239 3815 1612 3898 immolare3
1657 3859 1734 3869 -—-
1781 3818 1902 3885 sed
1945 3820 2097 3906 ipsa
2140 3819 2209 3884 in
2256 3818 2459 3885 corde
2504 3838 2621 3886 suo
2660 3815 2779 3884 hoc

609 4107 661 4177 1)
695 4111 744 4161 νς
771 4106 905 4162 infra
935 4126 1056 4181 pag.
1085 4100 1255 4188 θαι]

603 4194 665 4259 2)
704 4190 941 4265 Exempli
966 4211 1128 4249 causa
1152 4213 1197 4252 v.
1226 4195 1391 4268 Soph.
1415 4195 1551 4254 Phil.
1579 4198 1692 4263 136,
1716 4198 1804 4252 ubi
1829 4195 2114 4252 secundum
2127 4195 2237 4249 Boe
2270 4196 2303 4264 k
2341 4197 2374 4251 ii
2400 4196 2780 4252 emendationem
2810 4266 2814 4270 .

465 4278 678 4420 legitiqlr:
720 4277 858 4353 λιμῷ
879 4278 1135 4354 τὀἰκτρός,
1179 4282 1426 4355 ἀνήκεστα
1464 4281 1791 4358 μεριμνήμαθ
1838 4282 1991 4356 ἔχων,
2034 4196 2371 4372 βαρεῖὲὲῖινῷ
2412 4282 2558 4354 βαρεῖ
2591 4278 2779 4350 conjun-

465 4382 568 4441 gen
643 4382 713 4424 m.

350 4853 531 4878 Ἒ-ι-
552 4853 631 4868 -ης-
672 4855 857 4868 --ιιι--ιι-
888 4857 967 4868 u.-—
1010 4857 1121 4874 -ι-
1184 4855 1189 4856 ’
