3003 4880
1518 374 1628 454 ω

405 585 622 648 autem
651 578 803 648 fieri
822 601 961 648 non
992 579 1240 667 poterit
1265 580 1396 646 nisi
1427 603 1574 648 cum
1606 584 1828 649 omnia
1851 579 2030 670 quae
2047 583 2419 654 »vaticinata
2447 592 2581 661 est,
2614 583 2741 654 ali-

405 685 678 775 quando
711 686 1060 754 evenerint
1121 684 1292 750 Tale
1323 685 1504 772 quid.
1516 686 2142 774 igiturAeschylum
2158 690 2523 776 scripsisse
2534 697 2705 778 puto
2721 684 2755 758 τ’

1056 790 1328 873 θανούσῃ
1362 792 1710 877 μαρτυρεῖτέ
1739 815 1841 876 μοι
1859 791 2024 869 τόδε,

860 894 1132 958 ἅπαντ’·
1167 894 1471 980 ἀληθῶς
1517 900 1614 964 ὡς
1657 896 1802 979 ἐγὼ
1845 898 2286 974 τεθέσπικα,

526 1085 531 1088 -
758 1053 765 1060 „
860 998 1000 1063 ὅταν
1030 999 1176 1082 γυνὴ
1208 1047 1612 1065 ..........
1643 1000 1820 1084 θάνῃ,
1854 1007 1976 1069 cet.

568 1098 855 1198 Etiamsi
898 1122 1072 1188 quae
1133 1099 1338 1165 verba
1379 1099 1630 1167 fuerint
1672 1110 1918 1187 poetae
1970 1104 2168 1168 nullo
2207 1101 2409 1168 modo
2454 1102 2746 1167 inveniri

403 1211 609 1291 queat
623 1251 641 1280 ,
685 1211 978 1272 attamen
1008 1204 1416 1269 'sententiam
1461 1203 1644 1270 iHius
1674 1227 1912 1271 versus
1926 1256 1942 1284 ‚
1990 1204 2108 1294 qui
2137 1204 2416 1283 excidit,
2463 1204 2747 1271 eandem
2875 1267 2889 1276 .

399 1306 609 1372 fuisse
653 1314 859 1395 atque
904 1308 1080 1395 ejus»,
1127 1329 1325 1394 quem
1355 1308 1765 1375 substituere
1794 1317 2079 1374 conatus
2109 1331 2276 1384 sum,
2310 1317 2562 1374 certum
2591 1329 2742 1373 esse

399 1410 685 1480 videtur.
763 1410 1065 1476 Ceterum
1097 1411 1752 1477 commemorandum
1781 1420 1903 1490 est,
1933 1411 2220 1478 lacunae
2247 1412 2511 1498 signum
2539 1412 2739 1476 etiam

399 1512 807 1580 Karstenum
821 1515 1155 1600 posuisse3
1189 1514 1308 1601 qui
1337 1523 1559 1579 tamen
1590 1514 1675 1580 de
1695 1515 1828 1581 hoc
1856 1515 2012 1581 loco
2042 1537 2181 1581 non
2201 1521 2382 1580 recte
2393 1515 2739 1602 judicavit.

401 1614 730 1702 Speciosa
758 1625 861 1682 est
887 1617 1137 1705 Engeri
1168 1617 1575 1704 conjectura,
1622 1618 1740 1705 qui
1772 1603 1927 1706 jure
1959 1618 2303 1685 offendens
2331 1619 2404 1686 in
2432 1618 2569 1684 hoc
2601 1642 2743 1707 μαρ-

398 1721 624 1806 τυρεῖτέ
655 1744 754 1806 μοι
782 1720 939 1803 τόδε,
970 1721 1131 1799 ὅτανς
1162 1728 1307 1796 cet„
1329 1718 1558 1785 locum
1588 1721 1685 1786 sie
1715 1720 1958 1787 edidit:

1079 1824 1349 1907 θανούσῃ
1383 1825 1730 1911 μαρτυρεῖτέ
1762 1848 1863 1909 μοι
1890 1825 2050 1903 τόδε,

1030 1957 1037 1962 ·
1079 1926 1271 1992 ἔστ’ἂν
1301 1929 1446 2012 γυνὴ
1479 1951 1532 2011 γ.
1566 1929 1624 1992 ἀ.
1658 1928 1799 1997 ἐ.·θ.

400 2028 1202 2118 00οἰ010110.Ε11111011.316
1233 2030 1533 2116 (Herm),
1563 2054 1628 2097 v.
1659 2031 1930 2097 doctam
1961 2038 2030 2097 et
2058 2038 2330 2099 acutum
2359 2032 2504 2120 ejus
2531 2050 2742 2096 anno·

398 2132 767 2200 tationem«
826 2134 963 2199 Sed
991 2134 1149 2200 talis
1180 2134 1530 2208 sententia,
1577 2135 1843 2221 qualem
1887 2135 2148 2201 efficere
2175 2135 2402 2201 studet
2426 2134 2734 2219 Engerus

400 2234 530 2302 hac
585 2236 975 2314 mutatione,
1032 2237 1207 2302 male
1248 2236 1638 2302 cohaereret
1678 2260 1831 2303 cum
1874 2238 2293 2308 antecedenti
2333 2257 2528 2304 versu
2572 2234 2730 2299 οὗτοι

399 2342 655 2414 δυσοίζω
699 2341 918 2420 ἄλλως,
957 2361 1182 2428 neque
1208 2338 1570 2405 verisimile
1598 2348 1720 2418 est,
1764 2342 1834 2407 in
1863 2341 2046 2407 bona
2088 2341 2406 2408 oratione·
2433 2362 2560 2428 pro
2601 2338 2744 2403 hist

407 2446 697 2532 μάρτυρές
771 2470 873 2532 μοι
944 2443 1079 2510 ἔστε
1125 2449 1231 2509 τοῦ
1275 2446 1559 2522 θανάτου,
1601 2444 1737 2511 dici
1778 2467 2015 2533 posse:
2084 2447 2357 2531 θανούσῃ
2401 2443 2748 2532 μαρτυρεῖτέ

409 2572 510 2634 μοι
552 2549 708 2613 τόδε.
1500 2586 1510 2595 x

569 2653 650 2718 In
691 2673 789 2717 va.
839 2650 958 2717 127
960 2650 1003 2716 8
1045 2650 1193 2737 ἀνήρ
1221 2675 1287 2715 τε
1315 2652 1725 2737 δυσδάμαρτος
1764 2652 2099 2741 ἀντ-’ἀνδρὸς
2140 2654 2313 2737 πέσῃ,
2356 2652 2750 2741 ambigitur,

401 2764 625 2822 utrum
677 2755 823 2843 ἀνὴρ
870 2757 1280 2841 δυσδάμαρτος
1323 2751 1714 2840 copulanda
1757 2756 1892 2822 sint
1936 2779 2021 2822 an
2063 2759 2467 2844 δυςὸάμαρτος
2512 2757 2747 2842 ἀνδρός,

400 2880 553 2924 nam
583 2881 705 2946 per
735 2882 811 2924 se
836 2859 1052 2925 forma
1082 2861 1489 2945 δυσδάμαρτος
1533 2864 1598 2922 et
1638 2859 2095 2926 nominativus
2135 2860 2569 2949 etgenitivus
2601 2881 2747 2925 esse

400 2970 642 3049 potest.
729 2962 1081 3029 Praestare
1110 2962 1398 3037 videtur,
1429 2962 1577 3047 ἀνὴρ
1605 2965 1661 3026 δ.
1695 2963 2135 3051 conjungere3
2165 2985 2319 3030 natm
2347 2963 2460 3028 hic
2486 2984 2632 3028 non
2665 2962 2750 3028 de

398 3066 919 3151 Agamemnonis
948 3065 1124 3130 malo
1157 3065 1472 3152 conjugio
1505 3085 1726 3129 sermo
1752 3069 1888 3142 est‚·
1912 3066 2035 3131 sed
2076 3066 2163 3131 de
2191 3065 2494 3155 Aegisthi
2524 3086 2743 3153 poena

400 3174 606 3254 atque
634 3168 858 3246 exitio,
903 3169 1161 3256 quippe
1202 3169 1321 3254 qui
1364 3174 1649 3253 propter
1687 3167 2094 3254 flagitiosum
2127 3160 2328 3235 'suum
2372 3177 2579 3256 atque
2613 3168 2746 3233 illi-

400 3271 599 3337 citum
633 3271 1021 3359 conjugium
1053 3279 1312 3356 pereat;
1343 3269 1435 3335 ad
1461 3264 1837 3358 loci'igitur
1859 3274 2260 3337 sententiam
2291 3273 2499 3338 multo
2525 3271 2746 3358 aptius

396 3384 500 3439 est
543 3373 628 3439 de
669 3373 998 3462 Aegistho
1042 3374 1175 3439 hoc'
1219 3372 1630 3459 praedicare,
1694 3375 1884 3462 quod
1939 3375 2187 3440 malum
2243 3376 2747 3461 infaustumque

392 3476 643 3542 habeat
670 3478 1196 3555 matrimonium3
1229 3475 1314 3541 de
1327 3478 1830 3564 Agamemnone
1856 3498 2018 3543 vero
2050 3478 2303 3544 dictum
2332 3479 2469 3544 tale
2500 3476 2747 3564 opitho*

392 3588 515 3647 ton
572 3580 704 3646 hoc
762 3581 918 3646 loco
978 3576 1264 3666 prorsus
1325 3587 1505 3644 esset
1562 3601 2139 3666 supervacaneum
2200 3592 2267 3647 et
2333 3576 2745 3669 languidum.

393 3682 817 3749 Hermannus
868 3704 1103 3748 vocem
1162 3684 1582 3768 δυσδάμαρτος
1626 3684 1988 3770 genitivum
2036 3706 2183 3750 esse
2227 3684 2496 3761 statuit3
2556 3704 2750 3760 „nam

393 3807 535 3850 non
568 3785 783 3851 solum
814 3785 966 3863 illis,
1008 3786 1286 3871 γυναικὸς
1330 3787 1629 3872 ἀντ’ἐμοῦ,
1675 3788 1899 3873 aptius
1934 3788 2310 3875 opponitur
2339 3789 2749 3873 δυσδάμαρτος

394 3890 515 3952 ἀντ’
546 3890 776 3975 ἀνδρός,
826 3889 950 3955 sed
992 3890 1188 3954 etiam
1217 3889 1583 3977 Aegisthus
1607 3938 1622 3965 ,
1673 3891 1835 3977 quia
1874 3891 2228 3966 moechuS,
2287 3911 2428 3954 non
2468 3890 2749 3955 maritus

394 3991 962 4079 Clytaemnestrae
1005 3999 1126 4070 est,
1187 4013 1409 4079 neque
1461 4013 1586 4079 per
1632 3978 1928 4057 mulieris
1979 3994 2176 4058 istius
2226 3991 2567 4067 malitiam,
2627 3990 2750 4056 sed

391 4104 675 4181 propter
721 4097 1066 4182 proprium
1109 4094 1434 4182 flagitium
1476 4095 1672 4181 perit,
1732 4115 2083 4182 perperam
2110 4095 2223 4159 ‘ita
2266 4087 2749 4181 appellaretur,

397 4196 582 4283 quod
614 4207 852 4263 contra
880 4198 949 4262 in
976 4197 1542 4285 Agamemnonem
1575 4199 1824 4285 optime
1856 4197 2154 4285 quadrat,
2184 4196 2319 4262 hoc
2359 4218 2627 4272 nomen,
2672 4203 2750 4261 ut

395 4305 463 4364 et
517 4299 844 4375 maritum,
906 4309 974 4365 et
1028 4299 1268 4365 fraude
1330 4299 1725 4366 morientem
1781 4301 2071 4367 uxoris‘*
2104 4341 2182 4350 -
2226 4294 2517 4367 Primum
2576 4298 2749 4363 iuud

395 4410 859 4489 argumentum
900 4402 988 4469 ab
1031 4410 1304 4470 externa
1350 4423 1669 4470 versuum
1710 4403 2117 4493 aequalitate
2157 4404 2438 4492 petitum
2478 4424 2619 4469 non
2652 4402 2749 4475 ita

2955 0 2972 78 ἶ
3001 0 3003 20 .

2963 297 2971 460 Ι

2921 599 2928 608 ·
2961 539 2968 644 ἑ

2950 927 2964 1126 f

2945 1961 2960 2412 i
