3003 4880
2881 0 2898 179 l

2901 532 2902 569 l

490 626 709 676 nexus
768 605 1243 674 sententiarum
1303 603 1564 682 doceat,
1622 602 1802 669 hanc
1859 624 2006 669 esse
2064 601 2429 668 sententiae
2485 622 2888 677 summam,

493 713 683 802 quod
718 712 1100 780 Cassandra
1142 732 1279 775 non
1323 709 1417 774 ita
1458 729 1771 795 magnum
1805 709 1922 795 jus
1964 706 2232 784 habaet,
2291 701 2880 794 tantadluerelas

491 816 762 896 edendi3
795 837 955 905 ergo
988 815 1085 880 sic
1117 811 1637 879 construendum
1669 833 1815 877 esse
1842 812 2136 878 videtur:
2165 813 2222 875 τί
2245 813 2611 886 κάτοικτοςς
2652 830 2884 896 „qua-

489 942 641 986 nam
670 921 875 1009 igitur
901 919 972 984 in
1001 941 1073 984 re
1103 938 1229 1005 ego
1261 915 1432 982 adeo
1462 915 1906 983 lamentabilis
1937 937 2105 991 sum,
2136 924 2372 982 uttam
2403 915 2876 980 vehementer

486 1023 970 1112 ingemiscam?
976 1031 992 1062 ‘
1041 1020 1174 1103 Qui
1201 1021 1409 1109 igitur
1435 1019 1617 1085 hunc
1646 1018 1869 1085 locum
1897 1019 2149 1096 recitet,
2194 1040 2578 1107 pronomen
2617 1018 2694 1082 τί
2727 1036 2872 1081 cum

486 1133 768 1199 accentu
797 1125 1000 1191 debet
1027 1126 1388 1193 enuntiare.
1427 1161 1500 1174 —
1563 1144 1570 1149 ·
2905 1170 2906 1215 ¹

464 1236 468 1245 ’
653 1229 1110 1304 Hei-mannus,
1179 1235 1407 1315 spreta
1477 1225 1705 1290 nescio
1765 1246 1904 1313 qua
1960 1224 2046 1290 de
2102 1246 2310 1298 causa
2367 1192 2859 1315 Scaliger-iana

486 1331 978 1408 emendatione,
1019 1329 1189 1396 haec
1232 1328 1469 1407 edidit,
1515 1331 1574 1392 τί
1609 1329 1736 1414 δῆτ’
1780 1329 1898 1412 ἐγὼ
1943 1320 2297 1414 μέτοικος
2341 1332 2447 1395 ὧδ’
2490 1333 2856 1407 ἀναστένω,

487 1436 675 1552 quod
706 1436 1036 1522 captivam
1067 1434 1437 1521 significare
1465 1431 1629 1498 vult.
1704 1431 1887 1497 Haec
1919 1433 2309 1519 conjectura
2353 1433 2438 1497 ab
2470 1433 2558 1500 H.
2596 1434 2681 1501 L.
2713 1435 2849 1500 Ah-

384 1548 405 1612 ’,
485 1537 708 1604 rensio
766 1558 1040 1625 quoque
1091 1536 1275 1601 facta
1316 1557 1358 1601 a
1392 1534 1675 1601 Franzio
1718 1542 1992 1621 recepta
2028 1542 2234 1602 erat·
2230 1536 2846 1623 Improbaverunt

487 1663 631 1707 eam
657 1640 1183 1715 Schoemannus,
1214 1639 1611 1714 Karstenus,
1644 1636 2229 1717 Schneidewinus3
2275 1640 2512 1705 merito
2539 1647 2627 1706 ut
2653 1640 2841 1705 vide-

486 1752 614 1810 tur.
698 1744 980 1810 Etiamsi
1024 1742 1406 1809 Cassandra
1447 1763 1521 1807 se
1565 1741 1833 1828 μέτοικον
1879 1740 2224 1828 appellare
2213 1690 2535 1829 posset}
2585 1745 2662 1809 in
2704 1742 2835 1807 hoc

340 1932 345 1939 Ι
382 1843 388 1848 ’
484 1847 820 1913 sententia
861 1854 1040 1912 certe
1079 1844 1213 1911 hoc
1242 1844 1411 1910 male
1442 1867 1521 1910 ac
1549 1865 1865 1933 perverse
1892 1844 2173 1922 faceret3
2224 1845 2436 1932 „quid
2492 1867 2625 1934 ego
2673 1867 2823 1932 cap·

484 1951 625 2016 tiva
654 1952 752 2016 sic
780 1949 1143 2037 ingemisco
1157 1949 1233 2013 θ’*
1264 1986 1348 1997 -
1380 1948 1579 2035 quasi
1609 1953 1971 2034 propterea
2002 1947 2192 2035 quod
2223 1949 2499 2036 captiva
2529 1959 2662 2026 est,
2705 1947 2816 2013 mi-

484 2074 712 2120 norem
741 2051 992 2118 habeat
1021 2049 1481 2138 conquerendi
1512 2052 1811 2115 causam!

653 2156 933 2223 Accedit
977 2161 1470 2243 argumentum,
1518 2175 1655 2242 quo
1687 2152 2201 2221 Schoemannus
2232 2155 2656 2222 Hermannum
2685 2172 2780 2216 re-

483 2259 746 2328 futavit.
820 2259 993 2325 Nam
1021 2258 1092 2324 in
1123 2279 1323 2334 voce,
1357 2279 1532 2345 quae
1563 2266 1665 2324 est
1696 2258 1967 2344 μέτοικος
1998 2278 2256 2347 semper
2284 2258 2650 2346 praevalere
2668 2274 2773 2320 no-

483 2363 732 2427 tionem
776 2360 1131 2428 habitandi
1172 2361 1530 2454 peregrino
1568 2361 1758 2439 1000,
1804 2363 2223 2451 comparatio
2269 2361 2581 2430 locorum
2620 2359 2794 2426 docet

489 2466 609 2534 ubi
664 2466 779 2532 illa
830 2488 972 2531 vox
1027 2465 1213 2553 apud
1264 2472 1506 2552 poetas
1548 2467 1857 2533 occurrit.
1943 2467 2120 2533 Sunt
2161 2473 2382 2532 autem
2422 2466 2527 2532 hi:
2588 2459 2804 2538 Aesch‚

492 2568 732 2656 Suppl.
765 2568 909 2645 963,
939 2568 1123 2635 Pers·
1156 2569 1301 2646 314,
1335 2567 1505 2634 Cho.
1535 2567 1681 2644 670,
1715 2569 1862 2655 (965
1877 2571 1953 2655 Ρ),
1985 2568 2176 2638 Eum.
2209 2569 2368 2649 9923
2413 2569 2630 2656 Soph.
2662 2562 2809 2634 Oed.

492 2671 568 2737 R.
591 2671 735 2749 452,
771 2671 936 2741 Oed.
967 2672 1108 2741 Col.
1136 2671 1281 2749 934,
1313 2672 1467 2737 Ant.
1495 2671 1655 2750 8673
1702 2672 1860 2737 Eur.
1879 2671 2123 2738 Bacch.
2144 2673 2325 2750 1354,
2358 2667 2812 2742 Heracl.1033‚

497 2775 743 2861 quibus
786 2775 1001 2841 addas
1043 2775 1200 2880 Eur.
1235 2774 1473 2860 Suppl.
1521 2773 1678 2852 593,
1723 2776 1840 2841 ubi
1883 2773 2160 2843 verbum
2194 2781 2478 2862 μετοικεῖν
2510 2772 2819 2866 legitur.')

638 3069 688 3138 1)
724 3068 905 3123 Pauca
927 3068 1008 3121 hic
1036 3068 1259 3122 dicenda
1283 3075 1408 3122 sunt
1431 3068 1498 3121 de
1522 3067 1714 3139 Agam.
1738 3086 1815 3121 vs.
1841 3068 1926 3134 57,
1960 3069 2049 3122 ubi
2074 3069 2415 3142 disceptatur,
2439 3077 2615 3124 utrum
2636 3084 2822 3142 paren-

495 3162 582 3208 tes
617 3155 853 3208 vultures
888 3172 956 3207 an
989 3155 1089 3224 ipsi
1148 3154 1236 3207 ulli
1262 3172 1290 3207 e
1314 3153 1438 3207 nido
1462 3155 1603 3224 rapti
1626 3153 1907 3232 hapvoce,
1945 3137 2193 3224 μετοίκέζ,
2227 3156 2501 3228 significati
2524 3156 2643 3209 sint.
2705 3150 2825 3209 Illud

498 3248 800 3293 statuerunt
825 3258 854 3293 e
876 3241 1111 3293 recentio
1151 3240 1265 3293 bus
1290 3241 1507 3309 interpr
1532 3239 1948 3305 Schoemannus,
1970 3240 2418 3307 Schneidewinus,
2443 3243 2546 3295 hoc
2568 3241 2823 3294 Herman-

496 3325 928 3397 nuS,Enge1’uS.
999 3325 1395 3400 Schoemannus
1443 3325 1516 3393 (in
1552 3324 1834 3377 emendatt.
1868 3343 1920 3395 p.
1955 3326 2026 3395 6)
2061 3326 2191 3382 haec
2228 3334 2474 3381 annotat:
2519 3323 2829 3392 ,,ΝῙετοίκους

493 3412 777 3483 Reisigius,
827 3427 997 3465 enarr.
1024 3407 1174 3464 Oed.
1206 3393 1322 3464 Col.
1358 3428 1409 3480 p.
1449 3408 1708 3475 CXXV„
1741 3417 1888 3463 recte
1930 3419 2112 3464 monet
2145 3429 2178 3465 a
2208 3414 2383 3484 poetis
2416 3413 2712 3484 generatim
2747 3407 2832 3464 dici

497 3516 613 3563 eos,
648 3499 736 3569 qui
770 3498 986 3552 sedibus
1011 3497 1120 3550 suis
1155 3497 1370 3550 mutatis
1395 3496 1566 3549 alieno
1591 3497 1644 3548 in
1665 3496 1786 3549 loeo
1821 3496 1948 3549 hab
1966 3497 2160 3561 itent3
2198 3498 2295 3552 sed
2317 3499 2631 3568 hocdpsum,
2653 3506 2719 3552 ut
2741 3499 2828 3551 ha-

496 3584 664 3637 bitent
698 3583 790 3648 ibi,
820 3600 928 3635 non
955 3582 1327 3654 negligendum
1354 3589 1452 3634 est.
1518 3579 1690 3645 Quam
1714 3582 1783 3634 ob
1809 3598 1925 3635 rem
1945 3599 2053 3636 non
2076 3590 2228 3637 reete
2247 3592 2378 3654 puto
2404 3585 2471 3637 ab
2497 3584 2687 3637 eodem
2713 3582 2829 3638 Rei-

498 3670 629 3740 sigio
667 3677 722 3722 et
759 3669 825 3722 ab
851 3668 1159 3721 Hermanno
1193 3667 1245 3718 in
1268 3668 1374 3737 Ag.
1412 3684 1461 3719 v.
1485 3667 1554 3720 57
1588 3661 1770 3738 tffiffl&
1797 3668 2045 3737 μετοίκων
2070 3668 2136 3722 de
2159 3669 2313 3740 pullis
2337 3669 2600 3723 vulturum
2623 3668 2792 3740 accipi
2810 3683 2834 3718 e
2911 3693 2914 3712 ι

495 3755 619 3808 nido
662 3755 900 3825 abreptis
924 3754 1047 3806 licet
1069 3753 1356 3823 praeiverit
1378 3752 1514 3805 hanc
1540 3752 1942 3822 explicationem
1967 3754 2296 3808 scholiastes
2364 3754 2695 3826 Intelligendi
2719 3758 2833 3807 sunt

496 3840 596 3910 ipsi
626 3840 862 3893 vultures
892 3840 945 3891 in
977 3837 1240 3891 altissimis
1280 3836 1411 3891 locis
1444 3837 1742 3891 nidulantes
1769 3846 1824 3890 et
1845 3837 1897 3889 in
1921 3856 2121 3891 summo
2146 3841 2365 3893 aethere
2387 3840 2693 3905 volitantes,
2725 3840 2828 3893 ide-

500 3941 637 3994 oque
676 3926 981 3980 caelestium
1006 3923 1225 3976 deorum
1250 3923 1663 3995 quodanunodo
1689 3923 2367 3994 inquilini.“-—Rectissime
2389 3932 2570 3979 monet
2592 3924 2828 3979 Schoem.

497 4007 856 4063 necessarium
889 4025 1034 4073 esse,
1069 4025 1186 4062 eum
1221 4010 1309 4079 qui
1343 4010 1580 4079 μέτοικος
1613 4009 1896 4080 apelletur,
1931 4011 2105 4080 patria
2136 4010 2220 4064 vel
2257 4011 2481 4081 pristina
2503 4011 2632 4065 sede
2653 4011 2828 4064 relicta

499 4111 636 4146 nunc
673 4093 775 4147 alio
803 4092 922 4145 loco
946 4093 1202 4147 habitare.
1261 4092 1372 4147 Sed
1394 4101 1619 4166 propter
1641 4095 1813 4148 hanc
1798 4113 1968 4167 1psam
1985 4113 2207 4154 causam
2228 4095 2563 4151 Hermannus
2591 4103 2739 4151 recte
2762 4093 2827 4149 ad

498 4178 673 4249 pullos
693 4185 879 4248 raptos
901 4179 1036 4232 hanc
1059 4196 1246 4232 vocem
1267 4179 1472 4243 retulit;
1510 4186 1565 4234 et
1588 4179 2023 4235 Schoemannus
2008 4182 2172 4252 1psius
2197 4181 2587 4251 quodammodo
2616 4188 2817 4235 senten·

499 4264 629 4317 tiam
673 4263 879 4317 videtur
922 4263 1275 4336 redarguisse.
1355 4263 1498 4318 Nam
1541 4251 1671 4336 pulli'
1712 4267 1852 4337 rapti
1888 4284 2090 4319 summo
2122 4265 2245 4336 jure
2292 4269 2519 4338 μέτοικοι
2566 4274 2840 4328 vocantur,

505 4350 697 4421 quippe
723 4349 809 4419 qui
832 4350 902 4403 ibi
925 4349 1165 4403 habitent
1187 4350 1274 4402 ubi
1297 4358 1546 4421 raptores
1574 4368 1669 4404 eos
1694 4350 2053 4421 deposuerint,
2078 4352 2214 4404 sicut
2235 4350 2441 4405 Helena
2463 4360 2620 4423 rapta
2638 4350 2823 4421 Trojae

505 4436 737 4508 μέτοικος
761 4443 870 4501 est3
906 4442 1067 4508 atque
1089 4435 1143 4489 in
1167 4436 1273 4502 hia,
1296 4435 1457 4489 τῶνδε
1484 4437 1735 4507 μετοίκων
1759 4436 2103 4509 ὑστερόποινον
2126 4437 2314 4508 πέμπει
2334 4436 2614 4508 παραβᾶσιν
2632 4431 2856 4534 Ἐριφῃ·

2833 4601 2858 4722 ἱ
