3003 4880
1354 356 1448 438 21

222 573 512 667 (εὐμαρὲς
556 569 852 660 χείρωμα,
894 588 995 638 vs.
1032 565 1217 647 1286)
1265 570 1605 654 tamquam
1650 564 1936 656 πάρεργον
1984 561 2156 656 Clyt
2206 568 2366 653 post
2393 561 2574 652 Aga·

223 697 651 751 memnonem
680 671 1110 741 interfectura
1143 676 1261 736 est.

403 781 542 849 Sed
571 801 752 845 nunc
794 776 885 842 ad
931 774 1430 841 antecedentem
1476 793 1738 838 versum
1779 723 2247 836 revertendum
2295 776 2417 847 est,
2463 769 2582 857 qui

238 890 397 954 item
425 885 561 950 leni
601 880 974 947 mutatione
1016 886 1179 967 eget.
1212 876 1741 965 Clytaemnestra
1784 896 1935 940 cum
1976 873 2250 939 muliere
2289 872 2587 939 venefica

239 995 698 1075 comparatur:
761 988 842 1051 ὡς
884 984 1197 1069 φάρμακον
1258 980 1560 1066 τεύχουσα
1618 979 1815 1064 κάμοῦ
1859 978 2074 1063 μισθὸν
2120 977 2358 1064 ἐνθήσει
2402 976 2582 1063 κότῳ.

244 1091 471 1157 Verba
510 1091 660 1174 ἐμοῦ
705 1086 919 1172 μισθόν
960 1085 1269 1172 plerique
1313 1083 1512 1168 (inter
1536 1104 1717 1170 quos
1748 1081 2323 1159 Schneidewinus‚
2365 1079 2586 1168 Enge-

246 1208 384 1273 rua,
417 1200 518 1275 al.)
565 1192 662 1258 sic
691 1192 1242 1278 interpretantur.
1284 1186 1653 1251 mercedem
1703 1206 1831 1272 pro
1875 1206 1999 1261 me,
2042 1184 2099 1250 i.
2127 1206 2176 1250 e.
2206 1182 2591 1260 mercedem,

243 1295 403 1366 sive
436 1316 751 1385 poenam,
812 1315 937 1380 pro
985 1312 1208 1356 amore
1251 1290 1323 1354 in
1366 1311 1498 1368 me,
1556 1311 1685 1376 pro
1732 1287 2255 1366 necessitudine,
2317 1307 2490 1402 quae
2534 1285 2596 1352 ei

248 1402 378 1485 (sil.
396 1396 923 1489 Agamemnoni),
958 1414 1217 1459 mecum
1247 1392 1629 1469 intercedit;
1667 1431 1736 1440 -
1737 1391 1905 1457 hoc
1936 1391 2261 1479 explicari
2291 1370 2597 1460 statuunt

242 1504 472 1572 verbis
505 1504 651 1589 ἐμῆς
683 1502 944 1586 ἀγωγῆς.
991 1496 1130 1563 Sed
1159 1518 1310 1561 cum
1334 1495 1566 1583 paullo
1595 1517 1804 1583 supra
1823 1497 2021 1561 nobis
2047 1495 2595 1584 persuaserimuS,

251 1609 338 1675 de
369 1606 882 1696 Agamemnonis
913 1622 1135 1691 poena
1178 1607 1387 1687 atque
1431 1599 1635 1665 caede
1676 1598 1810 1665 hoc
1852 1598 2008 1663 loco
2052 1619 2191 1663 non
2237 1619 2383 1663 esse
2414 1598 2598 1685 cogi·

253 1710 551 1789 tandum,
596 1709 755 1775 inde
784 1708 926 1795 jam
971 1712 1277 1791 apparet,
1321 1702 1529 1781 verba
1574 1704 1721 1789 ἐμοῦ
1765 1702 2001 1787 μισθόν,
2045 1701 2376 1788 siquidem
2418 1708 2603 1766 recta

278 1814 428 1890 sint,
468 1812 635 1880 nihil
674 1810 862 1877 aliud
902 1828 1109 1896 posse
1143 1805 1541 1892 significare,
1584 1805 1712 1870 nisi
1741 1805 1904 1871 hoct
1948 1825 2193 1870 meam
2234 1804 2604 1870 mercedem

259 1917 423 1983 sive:
455 1936 703 1982 meam
736 1933 1038 2001 poenam.
1124 1908 1265 1975 Sed
1292 1909 1447 1997 quis
1478 1918 1613 1974 tam
1655 1908 1826 1975 male
1855 1907 2262 1996 Aeschylum
2302 1907 2605 1974 locutum

262 2042 408 2086 esse
440 2017 719 2084 credat?
760 2015 968 2083 Plane
994 2014 1228 2099 inepta
1259 2012 1432 2078 enim
1459 2011 1715 2078 locutio
1747 2019 1953 2078 esset:
1998 2013 2184 2088 iram,
2228 2011 2603 2076 simulta-

250 2131 418 2189 tem
478 2128 546 2186 et
598 2118 1048 2207 praemium
1106 2118 1411 2195 miscere3
1485 2138 1641 2208 nam
1701 2116 2011 2203 μισθός,
2086 2113 2467 2204 praemium,
2541 2121 2607 2179 et

254 2226 520 2297 κότος,
564 2221 885 2296 simultas,
924 2220 1254 2286 notiones
1281 2225 1439 2286 sunt
1484 2235 1763 2305 prorsus
1816 2218 2066 2288 diversi
2109 2219 2386 2307 generis,
2434 2238 2609 2304 quae
2654 2216 2661 2282 .’

263 2326 500 2409 inepte
530 2321 1086 2407 permiscerentur.
1200 2321 1524 2389 Simultas
1567 2323 1636 2387 in
1675 2330 1895 2388 mente
1928 2323 2494 2410 Clytaemnestrae
2535 2319 2609 2388 id

268 2433 394 2504 est,
443 2422 631 2511 quod
662 2445 803 2488 eam
831 2425 919 2490 ad
960 2433 1154 2493 atrox
1194 2425 1433 2503 scelus,
1480 2426 1772 2503 caedem,
1813 2425 2127 2513 impellit;
2189 2425 2404 2511 μισθὸς
2444 2447 2608 2491 vero

252 2527 786 2617 Agamemnoniis
818 2535 1017 2616 atque
1046 2529 1467 2595 Cassandrae
1493 2527 1664 2594 haec
1697 2529 1936 2595 caedes
1966 2530 2113 2616 ipsa
2151 2536 2269 2595 est.
2327 2528 2607 2595 Perver-

250 2654 407 2700 eam
436 2632 641 2718 igitur
666 2652 812 2706 esse
840 2633 1153 2698 traditam
1181 2632 1549 2709 lectionem,
1594 2633 2007 2720 alterumque
2047 2632 2290 2699 horum
2323 2631 2609 2698 duorum

264 2733 774 2811 vocabulorum,
806 2735 915 2800 vel
945 2735 1181 2820 μισθόν,-
1212 2736 1322 2801 vel
1349 2736 1533 2823 κότῳ,
1562 2735 1803 2801 falsum
1838 2759 1982 2801 esse
2003 2735 2263 2825 *dudum
2295 2734 2612 2805 viderunt

268 2837 461 2905 docti
498 2837 634 2913 viri,
662 2837 978 2914 AuratuS,
1044 2837 1507 2914 Casaubonu3‚
1537 2838 1856 2926 Scaliger,
1891 2839 2252 2925 StanlejuS,
2293 2827 2608 2925 Musgra-

267 2942 457 3019 vine,
491 2940 609 3006 sed
638 2941 822 3017 fa-lse,
852 2963 1001 3006 meo
1035 2940 1303 3028 quidem
1333 2940 1604 3027 judicio,
1634 2942 1705 3005 in
1738 2963 1902 3007 voce
1933 2963 2108 3033 quae
2139 2950 2241 3008 est
2268 2942 2428 3027 κότῳ
2460 2958 2609 3009 cor-

267 3042 604 3129 ruptelam
660 3044 875 3111 inesse
919 3045 1081 3120 rati,
1140 3037 1267 3132 pro
1316 3066 1454 3131 qua
1483 3045 1592 3110 vel
1634 3052 1801 3132 ποτῷ
1859 3046 1967 3111 vel
2023 3047 2182 3111 κύτει
2225 3047 2308 3111 iis
2353 3045 2612 3132 placuit

266 3149 504 3233 (atque
547 3149 706 3212 κύτει
735 3149 1112 3214 Karstenus
1160 3170 1435 3236 quoque
1477 3149 1834 3235 probavit).
1921 3149 2127 3215 Immo
2172 3150 2331 3236 κότῳ
2373 3149 2605 3215 rectis·

262 3249 431 3315 sime
463 3271 533 3313 se
565 3249 786 3327 habet,
822 3250 1035 3335 μισθὸν
1069 3273 1229 3317 vero
1262 3251 1628 3319 absurdum
1651 3274 1805 3333 ⁴esse
1836 3252 2117 3318 videtur.

441 3351 860 3419 Cassandrae
891 3354 1257 3441 praemium
1286 3363 1362 3434 (s.
1396 3359 1644 3442 poena)
1674 3356 1740 3419 in
1772 3376 1852 3420 eo
1883 3362 2169 3430 constat,
2214 3354 2405 3440 quod
2444 3352 2614 3421 illud

260 3456 586 3540 φάρμακον
632 3478 673 3523 a
720 3454 1250 3542 Clytaemnestra
1292 3467 1605 3544 paratum
1661 3459 1724 3524 ei
1783 3456 2308 3525 'exhauriendum
2366 3465 2486 3534 est,
2544 3457 2617 3522 id

263 3557 460 3645 quod
503 3579 642 3622 non
685 3578 883 3643 pars
923 3561 1160 3625 veneni
1206 3559 1339 3626 dici
1384 3569 1626 3647 potest.
1711 3560 1816 3626 Ne
1845 3561 2102 3635 diutius
2134 3560 2339 3627 verba
2369 3558 2615 3646 perda-

259 3681 437 3736 muS,
470 3658 634 3724 mihi
665 3658 935 3726 videtur
964 3660 1133 3727 illud
1165 3664 1377 3748 μισθὸν
1410 3663 1578 3727 nihil
1611 3685 1759 3729 esse
1787 3664 1915 3728 nisi
1931 3664 2276 3750 corruptio
2294 3662 2619 3749 genuinae

258 3761 575 3827 lectionis
609 3764 801 3848 μῖσοςξ
884 3764 1284 3833 Necessario
1318 3767 1490 3831 enim
1520 3775 1705 3831 recta
1742 3767 1919 3832 ratio
1968 3787 2091 3852 pro
2137 3766 2353 3851 μισθόν
2392 3765 2617 3831 notio-

258 3885 420 3930 nem
478 3864 768 3952 aliquam
828 3868 995 3954 poni
1040 3869 1346 3955 jubebat,
1411 3891 1585 3956 quae
1643 3869 1829 3935 vocis
1884 3868 2044 3955 κότῳ
2092 3868 2357 3933 notioni
2400 3866 2619 3932 affinis

270 3972 487 4046 esset3
519 3989 720 4055 quam
749 3971 913 4037 mihi
941 3972 1322 4057 repperisse
1352 3971 1604 4040 videor.
1677 3972 2074 4037 Rectissima
2107 3994 2284 4038 nunc
2311 3979 2419 4041 est
2450 3991 2621 4034 com-

271 4071 541 4158 paratio
577 4071 746 4160 Clyt.
791 4095 937 4140 cum
983 4073 1271 4160 quadam
1314 4074 1641 4154 venefica;
1692 4075 1918 4141 odium
1964 4074 2288 4140 adversus
2325 4074 2621 4164 ‚Cassan-

274 4172 464 4239 dram
499 4183 897 4261 conceptum
932 4177 1256 4241 admiscet
1285 4176 1694 4242 inveteratae
1722 4178 1791 4241 in
1805 4179 2363 4265 Agamemnonem
2395 4175 2622 4241 simul-

275 4277 423 4354 tati,
459 4278 706 4364 quibus
739 4279 1069 4345 ambobus
1101 4278 1446 4345 affectibus
1479 4279 1569 4345 ad
1599 4280 1862 4346 facinus
1895 4279 2297 4368 patrandum
2331 4278 2625 4345 stimula-

273 4388 407 4445 tur.
495 4379 630 4445 Sed
661 4388 871 4447 restat
903 4382 1128 4448 adhuc
1158 4386 1295 4448 un‘a
1326 4382 1626 4463 offensi0‚
1669 4404 1873 4473 quam
1914 4383 2222 4471 Engerus
2263 4390 2329 4448 et
2371 4381 2627 4468 primus
