3003 4880
235 567 421 640 aliud
452 562 799 657 quoddam
841 563 1073 634 referri
1115 564 1251 634 hoe
1299 586 1672 654 pronomen
1716 564 1924 634 verba
1966 572 2211 635 vetant.
2305 565 2398 635 At
2451 563 2567 636 illa

235 674 565 740 sententia
605 671 871 737 minime
914 671 1320 738 conveniens
1364 692 1512 736 esse
1552 669 1839 736 videtur.
1926 669 2061 736 Cur
2090 672 2259 737 enim
2306 668 2574 737 Chorus

232 777 370 844 tale
426 775 879 841 testimonium
930 796 1070 841 non
1127 775 1350 841 statim
1395 780 1559 860 post
1610 779 1888 839 mortem
1935 772 2354 842 Cassandrae
2410 773 2573 839 dare

228 880 540 967 jubetur,
599 878 718 944 sed
773 878 1035 946 demum
1067 877 1590 966 Clytaemnestra
1659 882 1864 963 atque
1898 875 2226 964 Aegistho
2273 876 2574 955 occissis,

242 983 306 1049 h.
349 1005 401 1047 e.
449 980 756 1069 pluribus
814 980 1007 1045 annis
1050 981 1259 1067 post?
1305 978 1934 1056 Cassandram'finon
1965 979 2162 1050 ἄλλως
2214 980 2285 1045 in
2328 1001 2577 1067 angore

242 1069 519 1151 versari⁸
538 1083 764 1152 statim
808 1092 971 1170 post
1011 1104 1242 1150 necem
1287 1082 1433 1169 ejus
1464 1080 1731 1148 Chorus
1773 1079 2101 1170 intelliget
2130 1104 2210 1149 ae
2238 1079 2581 1150 testificari

239 1188 521 1276 poterit,
563 1207 783 1275 neque
829 1185 1002 1275 Clyt.
1034 1184 1475 1272 Aegisthique
1535 1205 1713 1250 mors
1758 1183 1869 1250 hie
1913 1186 2283 1276 quidquam
2325 1185 2416 1253 ad
2442 1206 2583 1253 rem

244 1291 514 1360 faciunt.
1587 1349 1590 1354 .

409 1394 625 1461 Aliter
680 1400 887 1480 atqu·
930 1391 1016 1457 ab
1059 1389 1444 1458 Hermanno
1492 1412 1867 1477 pronomen
1924 1391 2063 1457 τόδε
2121 1392 2501 1479 explicatur
2546 1412 2587 1456 a

241 1495 792 1567 Schneidewino.
837 1494 958 1581 qui
984 1493 1126 1560 hoe
1168 1494 1374 1560 modo
1419 1495 1648 1560 locum
1688 1494 2027 1583 intelligit:
2075 1497 2280 1578 „Cum
2324 1503 2593 1562 mortua

244 1623 393 1678 ero,
438 1599 573 1682 hoe
602 1598 766 1664 mihi
794 1598 1132 1678 testamini
1174 1598 1316 1664 scil.
1358 1620 1459 1664 me
1496 1605 1806 1694 mortem,
1853 1621 2053 1687 qnam
2097 1600 2592 1688 praesciverim,

241 1726 382 1769 non
410 1701 750 1790 pavisse.“
809 1701 923 1766 Sic
953 1700 1091 1766 fere
1101 1701 1245 1788 jam
1272 1700 1669 1768 Sehiitzius:
1703 1701 1881 1780 „hoe
1903 1703 2068 1769 mihi
2096 1703 2453 1781 testamini,
2483 1722 2593 1767 me

244 1807 385 1874 s‘eil.
427 1802 758 1892 intrepide
816 1803 906 1869 ad
948 1812 1226 1870 mortem
1271 1803 1692 1870 subeundam
1735 1804 2007 1872 domum
2057 1797 2402 1874 intrasse.“
2454 1803 2595 1871 Sed

246 1910 559 1996 primum,
604 1916 682 1974 ut
725 1928 936 1994 supra
969 1907 1111 1993 jam
1139 1906 1540 1986 monuimu8‚
1585 1908 1793 1975 verba
1835 1908 1972 1975 hoe
2014 1931 2154 1974 non
2201 1908 2597 1986 admittunt3

249 2012 340 2077 ad
366 2011 619 2082 nullam
650 2010 824 2076 enim
853 2008 1051 2078 aliam
1082 2011 1475 2078 sententiam
1523 2010 1631 2077 vel
1672 2012 2016 2078 notionem
2061 2032 2434 2098 pronomen
2462 2011 2602 2075 τόδε
2621 2011 2638 2026 ’

245 2113 675 2202 τεέθττθῌίοθὲ,
707 2112 939 2180 nisiad
968 2111 1402 2181 antecedens:
1435 2113 1601 2181 οὔτοι
1630 2116 1829 2184 ἄλλως
1855 2117 2131 2188 δυσοίζω.
2175 2114 2352 2198 Tum
2376 2122 2601 2179 autem

247 2239 336 2286 ne
364 2217 462 2280 sie
492 2215 774 2300 quidem,
806 2216 1063 2282 etiamsi
1078 2215 1577 2284 Schneidewini
1607 2217 2124 2304 explicationem
2146 2237 2596 2304 sequeremur,

248 2325 608 2402 sequentes
655 2336 912 2394 versus,
959 2318 1096 2386 ὅταν
1124 2321 1273 2405 γυνὴ
1304 2322 1584 2404 γυναικὸς
1628 2322 1752 2386 ἀντ’
1785 2322 1932 2406 ἐμοῦ
1965 2324 2123 2405 θάνῃ
2170 2331 2288 2387 eet„
2331 2341 2602 2385 sensum

251 2418 609 2496 haberent3
666 2416 912 2487 deinde
939 2420 1091 2507 ipsa
1118 2422 1289 2493 haec
1320 2422 1708 2493 adhortatio
1742 2424 1979 2493 chori:
2039 2423 2414 2502 „testamini
2436 2474 2452 2502 ‚
2497 2445 2601 2489 me

255 2529 533 2588 mortem
579 2543 717 2587 non
759 2521 1102 2609 pavisse“‚
1139 2526 1277 2612 jam
1326 2550 1448 2614 per
1477 2550 1551 2593 se
1580 2528 1859 2594 maxime
1898 2529 2373 2595 inconveniens
2405 2535 2593 2593 esset.

251 2624 549 2693 Primum
612 2624 789 2699 ,enim
846 2625 1245 2701 ‚Cassandra
1304 2629 1475 2696 haee
1534 2631 1763 2698 dicens
1838 2632 2134 2701 chorum
2190 2630 2451 2697 mentiri
2493 2629 2595 2716 ju·

252 2724 472 2804 beret,
546 2729 858 2814 quoniam
929 2727 1040 2795 hie
1099 2751 1241 2795 eam
1322 2733 1515 2799 haud
1582 2735 1914 2822 intrepide
1966 2746 2241 2802 mortem
2314 2751 2596 2818 exspeen¹

259 2838 405 2899 tare
463 2828 681 2909 videt3
739 2829 837 2894 ita
880 2837 957 2895 ut
1013 2831 1308 2905 absurde
1363 2837 1662 2902 veritatis
1722 2860 1887 2904 suae
1955 2837 2237 2926 gloriam
2287 2856 2600 2921 pessum-

257 2934 485 3016 daret,
529 2934 584 2999 si
617 2954 659 2997 a
688 2932 968 2999 senibus
1004 2935 1279 3021 Argivis
1322 2937 1567 3005 falsum
1598 2940 1880 3028 aliquod
1922 2938 2372 3007 testimonium
2417 2943 2601 3023 pete-

257 3016 429 3116 ret?
458 3044 601 3103 tum
648 3057 809 3102 vero
860 3034 1065 3122 plane
1111 3037 1302 3103 nnlla
1330 3062 1539 3107 eausa
1579 3051 1717 3122 est,
1770 3066 1889 3110 eur
1942 3043 2127 3109 Cass.
2158 3041 2335 3107 hane
2363 3039 2604 3105 falsam

262 3140 540 3226 gloriam
569 3138 882 3207 affectare
912 3139 1204 3219 studeat,
1239 3144 1436 3229 quasi
1464 3146 1903 3213 imminentem
1941 3153 2220 3211 mortem
2263 3165 2401 3208 non
2429 3141 2599 3208 exti-

263 3241 527 3319 muerit,
608 3242 715 3306 An
746 3243 1080 3328 suspicari
1111 3264 1253 3311 eam
1287 3246 1668 3325 credamuS,
1698 3248 1844 3314 fore
1873 3257 1951 3315 ut
1978 3258 2141 3337 post
2169 3254 2446 3340 mortem
2475 3244 2603 3310 ho-

264 3342 474 3408 mines
514 3344 729 3429 ipsam
771 3355 1053 3430 propter
1095 3348 1330 3413 mortis
1372 3350 1675 3416 timorem
1727 3351 2224 3439 reprehendant
2279 3348 2387 3414 vel
2427 3347 2611 3412 hune

144 3530 161 3547 ἱ
263 3459 509 3513 metum
552 3451 758 3531 atque
799 3466 1117 3546 angorem
1174 3450 1373 3537 quasi
1414 3451 1805 3521 indecorum
1849 3475 1931 3520 ae
1974 3462 2236 3540 turpem
2267 3451 2523 3538 probro
2553 3449 2613 3515 ei

263 3548 579 3614 vertant?
613 3586 693 3596 —-

431 3649 475 3717 J
478 3673 580 3715 am
640 3644 971 3736 apparere
1028 3653 1348 3735 arbitror,
1412 3661 1728 3746 quoniam
1787 3661 1859 3727 in
1913 3661 2023 3727 his
2083 3658 2391 3725 versibus
2446 3654 2617 3721 nihil

263 3744 453 3832 insit,
501 3753 589 3821 ad
625 3750 817 3840 quod
844 3773 1220 3839 pronomen
1261 3761 1398 3826 τόδε
1427 3764 1658 3830 referri
1704 3764 1957 3850 possit,
2011 3760 2394 3828 necessario
2440 3758 2617 3823 inter

265 3883 399 3927 vss.
432 3858 596 3927 1276
643 3879 723 3923 ae
759 3855 923 3922 1277
953 3854 1263 3926 lacunam
1308 3866 1728 3933 statuendam
1763 3887 1925 3933 esse.
2009 3863 2200 3930 Nihil
2230 3862 2413 3929 aliud
2445 3861 2619 3928 Cho·

267 3986 385 4032 rus
416 3973 576 4050 post
591 3960 1158 4049 Clytaemnestrae
1168 3967 1613 4056 Aegisthique
1639 3969 1978 4034 interitum
1994 3966 2416 4034 Cassandrae
2436 3963 2620 4031 testi-

266 4066 455 4134 ficari
474 4065 700 4153 juberi
730 4070 988 4149 potest,
1032 4065 1165 4130 nisi
1193 4068 1361 4147 hoe,
1395 4093 1539 4139 eam
1568 4093 1723 4139 vere
1750 4070 1934 4136 hune
1964 4069 2303 4137 interitum
2333 4066 2445 4133 vel
2475 4088 2617 4133 om-

268 4173 430 4239 nino
479 4190 559 4233 ea
608 4187 781 4254 quae
826 4166 1058 4231 futura
1101 4177 1310 4257 atque
1340 4182 1662 4239 eventura
1689 4173 1957 4250 fuerint,
2002 4190 2162 4237 vere
2187 4170 2619 4265 vaticinatam

270 4298 433 4351 esse.
524 4265 855 4356 Quoniam
901 4266 1072 4335 enim
1119 4275 1313 4340 vivae
1343 4298 1708 4364 numquam
1752 4275 1921 4342 fides
1953 4274 2189 4340 habita
2219 4271 2454 4348 fuerit,
2483 4270 2619 4334 hoe

273 4383 469 4470 petit,
514 4385 593 4444 ut
630 4381 1200 4457 mortuaesaltem
1229 4381 1450 4451 honor
1490 4381 1559 4449 in
1604 4380 1935 4469 integrum
1962 4377 2379 4477 restituatur.
2462 4371 2621 4443 Hoc
