3003 4880
1562 343 1664 430 24

445 553 580 628 hoc
624 570 869 629 ornatu
909 567 1151 627 temere
1195 553 1536 637 irriderer,
1576 555 1834 626 medios
1875 559 2051 626 inter
2092 547 2374 639 amicoS,
2418 559 2503 628 ab
2546 557 2790 649 iiofqui

452 665 797 731 manifesto
851 664 1095 730 inimici
1155 665 1280 729 mei
1338 670 1543 731 erant.
1560 665 1606 748 ¹)
1692 662 1829 729 Sed
1868 657 1947 729 u't
1990 663 2123 729 alia
2164 665 2788 751 praetermittamus

402 823 409 832 .
448 766 636 833 nullo
666 767 873 833 modo
893 766 1176 855 intelligi
1198 773 1445 853 potest,
1472 765 1747 854 quinam
1772 766 2021 833 fuerint
2034 766 2126 832 illi
2141 768 2331 833 amici
2347 767 2788 834 Cassandrae.

451 870 714 935 Scimus
760 878 1011 947 autem,
1057 868 1377 935 vaticinia
1417 869 1566 956 ejus
1596 869 1681 934 ab
1714 869 2030 934 omnibus
2058 870 2199 934 suis
2229 870 2434 936 irrisu
2458 870 2793 936 insectata

448 993 623 1052 esse3
680 972 765 1038 cf.
807 994 906 1038 VS.
943 972 1139 1040 1171:
1196 970 1431 1038 ἔπειθον
1464 960 1653 1036 οὐδέν’
1696 972 1897 1049 οὐδέν,
1949 977 2031 1042 ὡς
2072 976 2199 1040 τάδ’
2243 975 2582 1059 ἤμπλακον·
2668 973 2793 1039 Sin

449 1097 613 1153 vero
638 1075 939 1142 nonnulli
970 1075 1221 1163 Trojae
1248 1075 1535 1141 fuissent
1568 1074 1892 1154 hominen,
1926 1076 2046 1163 qui
2076 1078 2136 1142 ei
2165 1076 2365 1143 fidem
2388 1075 2792 1143 habuissent

451 1200 731 1266 eamque
781 1185 1014 1245 contra
1038 1177 1338 1272 ,aliorum
1379 1178 1659 1266 injurias
1705 1178 2192 1258 defendissent,
2253 1200 2567 1267 magnum
2610 1186 2791 1243 certe

453 1280 874 1347 Cassandrae
925 1279 1237 1347 solatium
1294 1282 1755 1361 remansisset,
1800 1289 2082 1370 propter
2127 1282 2319 1371 quod
2360 1282 2490 1348 deo
2534 1282 2791 1370 gratias

453 1405 648 1473 agere
689 1382 1059 1463 debuisset3
1104 1384 1406 1471 ineptum
1447 1391 1667 1452 autem
1711 1393 1888 1451 esset
1929 1385 2360 1463 mirabiliter,
2400 1386 2457 1449 si
2485 1375 2793 1472 Apollini

451 1485 593 1552 hoc
613 1485 955 1574 objiceret,
986 1486 1173 1575 quod
1202 1487 1517 1554 medios
1560 1487 1782 1553 inter
1825 1488 2142 1576 amicos
2183 1488 2267 1554 ab
2292 1486 2790 1555 inimicicia-isa

452 1588 705 1659 fuisset.
779 1591 982 1656 Immo
1025 1590 1194 1655 haec
1227 1591 1419 1678 justa
1447 1590 1509 1655 ei
1538 1611 1746 1655 causa
1775 1600 1879 1656 est
1909 1591 2138 1657 acerbi
2174 1590 2566 1678 opprobrii,
2606 1589 2793 1677 quod

452 1715 537 1757 ne
567 1714 740 1758 unus
772 1692 1037 1780 quidem
1072 1693 1327 1759 amicus
1352 1715 1432 1759 ac
1461 1702 1656 1759 tutor
1678 1695 1735 1759 ei
1764 1694 2095 1785 remansit,
2128 1693 2249 1758 sed
2279 1693 2474 1758 etiam
2504 1693 2572 1771 ii,
2617 1714 2791 1781 quos

454 1804 734 1882 propter
777 1796 1426 1884 consanguinitatem
1461 1796 1524 1861 ei
1554 1796 1807 1862 amicos
1836 1818 1986 1862 esse
2011 1818 2138 1884 par
2167 1802 2341 1873 erat,
2381 1795 2694 1861 inimicos
2720 1816 2791 1860 se

450 1900 865 1984 praestitere.
918 1899 1223 1986 Apparet
1245 1899 1465 1987 igitur,
1497 1920 1636 1966 non
1668 1921 1814 1965 esse
1843 1891 2194 1965 discrimen
2220 1891 2596 1964 faciendum
2620 1899 2787 1963 inter

457 2001 707 2066 amicos
743 2000 899 2065 illos
942 2008 1007 2066 et
1046 2001 1355 2067 inimicos
1397 2001 1483 2067 de
1523 2001 1771 2090 quibus
1800 2002 2140 2090 loquitur,
2191 2001 2314 2067 sed
2340 2000 2781 2089 recipiendam
2830 2015 2834 2020 ·

456 2123 604 2168 esse
643 2102 1004 2170 Hermanni
1051 2103 1580 2170 emendationem
1611 2106 1800 2191 μέγα,
1849 2112 1918 2170 et
1949 2105 2156 2172 verba
2185 2105 2283 2170 sic
2313 2100 2780 2170 construenda:

458 2208 645 2292 φίλων
679 2206 795 2286 ὕπ’,
814 2207 1065 2293 ,ἐχθρῶν
1099 2209 1166 2272 οὐ
1197 2207 1572 2296 διχορρόπως
1603 2208 1688 2274 ab
1720 2209 1948 2273 amicis
1967 2257 1982 2285 ,
2029 2208 2148 2295 qui
2174 2207 2518 2273 manifesto
2545 2201 2776 2268 inimici

458 2310 585 2374 mei
600 2316 851 2379 erant.“
904 2308 1238 2384 Viderunt
1264 2311 1396 2378 hoc
1424 2310 1901 2389 Blomfieldius,
1932 2310 2370 2389 Wellauerus,
2398 2309 2514 2386 al.;
2542 2306 2781 2373 frustra

461 2411 696 2479 dicunt
734 2411 1070 2493 nonnulli,
1114 2414 1621 2481 collocationem
1666 2415 2024 2482 verborum
2056 2415 2125 2479 οὐ
2155 2413 2530 2503 διχορρόπως
2571 2414 2790 2477 vetare

459 2516 635 2583 hanc
650 2518 1056 2604 juncturam,
1077 2519 1216 2606 jam
1240 2519 1413 2584 enim
1432 2518 1893 2585 Blomfieldius
1920 2526 2099 2585 recte
2125 2514 2538 2604 comparavit
2548 2508 2785 2578 Aesch.

459 2621 701 2708 Suppl.
745 2621 891 2686 951.
947 2622 1070 2686 ἐπεὶ
1114 2629 1379 2710 σωτῆρες
1423 2623 1492 2687 οὐ
1524 2622 1914 2710 διχορρόπως.
1988 2621 2144 2705 Quo
2172 2641 2374 2685 sensu
2399 2618 2588 2707 φῆων
2619 2610 2789 2678 acci·

459 2723 783 2811 piendum-
808 2722 915 2800 sit,
948 2722 1265 2791 docemur
1295 2747 1336 2790 a
1365 2725 1831 2792 Sehoemanno
1866 2725 1955 2790 ad
1984 2726 2256 2792 Eumen.
2285 2742 2445 2810 pag.
2476 2718 2624 2788 200,

627 2825 875 2894 Errant
901 2848 1064 2894 vero
1097 2829 1405 2916 plerique
1432 2829 1503 2895 in
1533 2851 1632 2907 eo,
1645 2828 1831 2917 quod
1848 2850 2103 2907 vocem,
2137 2848 2311 2916 quae
2340 2833 2446 2893 est
2473 2812 2795 2913 μάτηνΙὙΘΙ

469 2953 620 2999 cum
652 2931 722 2996 οὐ
753 2932 1128 3020 διχορρόπως
1156 2931 1265 2998 vel
1298 2955 1443 2997 cum
1474 2934 1967 3018 καταγελωμένην
2015 2932 2453 3019 conjungunt.
2525 2927 2806 2993 Rectum

463 3036 775 3105 viderunt
809 3035 1197 3102 Wel‘ckerus
1230 3036 1321 3121 (in
1350 3060 1518 3106 mus.
1544 3037 1757 3105 Rhen.
1790 3035 1974 3112 1854,
2005 3056 2158 3122 pag,
2195 3034 2360 3118 198),
2393 3041 2460 3098 et
2485 3030 2795 3118 Engarus

463 3140 533 3204 in
576 3138 865 3207 editione
904 3138 1122 3219 (aliter
1164 3139 1333 3205 enim
1376 3139 1447 3203 in
1484 3139 1682 3205 Jahn.
1728 3161 1879 3207 ann.
1923 3148 2083 3204 tom.
2127 3136 2241 3215 70,
2284 3158 2360 3223 p.
2385 3135 2514 3202 383
2541 3132 2625 3199 de
2662 3132 2795 3197 hoc

462 3241 1103 3329 locojudicaverat),
1138 3243 1253 3330 qui
1296 3244 1768 3313 ἐποπτεύσας
1809 3244 2041 3328 μάτην
2086 3239 2470 3327 copulanda
2499 3258 2646 3303 esse
2677 3231 2798 3300 do-

465 3366 678 3411 cuere.
739 3344 867 3425 Qui
898 3347 1325 3433 participium
1355 3348 1717 3417 ἐποπτεύσας
1741 3346 1826 3412 ab
1856 3344 2178 3425 adverbio
2204 3346 2392 3431 μάτην
2418 3342 2799 3430 sejungunt,

467 3470 694 3514 eorum
735 3448 844 3513 alii
877 3452 1210 3516 ἐποπτεύειν
1241 3453 1787 3538 interpretantur:
1833 3450 2098 3538 punire,
2128 3470 2329 3536 quam
2359 3440 2798 3535 significatio·-

464 3574 614 3617 nem
643 3551 777 3618 hoc
803 3553 1075 3621 verbum
1104 3576 1226 3642 per
1251 3578 1323 3622 se
1348 3575 1714 3642 numquam
1739 3554 1989 3620 habere
2015 3561 2260 3640 potest,
2294 3551 2427 3627 alii,
2460 3551 2527 3617 in
2555 3546 2804 3634 quibus

467 3653 921 3734 HermannuS,
955 3659 1315 3729 ἐποπτεύσας
1347 3685 1419 3745 με
1449 3659 1942 3745 καταγελωμένην
1973 3656 2530 3743 interpretantur3
2579 3640 2810 3736 „quod

469 3780 569 3825 me
593 3759 875 3835 derisam
904 3760 1318 3850 conspexitf‘
1368 3763 1507 3828 Sed
1534 3765 1867 3828 ἐποπτεύειν
1900 3780 2259 3848 numquam
2289 3767 2389 3821 est
2418 3755 2588 3820 idem
2622 3741 2808 3856 quod

470 3864 754 3951 simplex
797 3868 1268 3954 „conspicere“
1314 3867 1420 3931 vel
1464 3867 1808 3945 „intueri“,
1856 3865 1976 3931 sed
2020 3883 2279 3948 semper
2320 3860 2494 3923 inest
2525 3845 2808 3922 curandl

473 3991 746 4059 quoque
770 3970 878 4036 vel
903 3971 1171 4067 tutandi
1188 3970 1293 4038 vel
1307 3969 1812 4037 administrandi
1832 3965 2397 4054 notiopraecipne
2414 3983 2558 4037 cum
2578 3960 2663 4024 de
2681 3952 2806 4018 deo

472 4074 703 4163 aliquo
742 4081 1141 4162 usurpatur,
1182 4074 1255 4141 id
1297 4073 1484 4164 quod
1518 4097 1555 4142 e
1582 4072 1887 4141 locorum
1920 4067 2424 4157 comparatione
2453 4060 2655 4131 facile
2686 4077 2805 4143 ap·

611 4305 663 4374 1)
699 4303 757 4358 In
765 4301 849 4358 his
867 4303 1271 4376 praepositionis
1291 4301 1565 4358 collocatio
1586 4302 1636 4357 in
1654 4315 1839 4356 versus
1856 4294 1955 4355 fine
1972 4314 2068 4373 per
2086 4312 2147 4353 se
2166 4313 2270 4352 non
2289 4297 2436 4351 esset
2451 4275 2808 4363 vituperanda,

475 4392 543 4452 ei.
566 4407 701 4469 quae
724 4391 967 4464 exposuit
989 4390 1316 4449 Hermannus
1342 4389 1410 4447 ad
1432 4386 1649 4447 Eumen.
1674 4404 1722 4444 v,
1747 4385 1863 4443 236.
