3003 4880
1615 360 1713 450 ‚³2⁷8

479 566 674 669 juxta
704 603 775 646 se
802 561 1059 668 posita,
1107 579 1227 646 sed
1270 580 1429 644 aliis
1477 578 1829 671 vocabulis
1874 574 2288 666 interpositis
2329 512 2640 657 diremss»
2700 588 2926 659 sunt‚'

492 704 630 770 quo
675 686 893 750 oratio
954 692 1020 749 et
1062 683 1352 748 obscura
1412 691 1477 747 et
1520 684 1886 748 artificiosa
1937 683 2014 748 fit
2055 683 2364 771 maleque
2406 683 2890 751 dilaceratur.

485 786 801 852 Praetera
832 795 1050 852 autem
1072 835 1087 863 ,
1132 785 1205 850 id
1237 786 1427 872 quod
1459 786 1925 874 gravissimum
1973 793 2074 851 est
2120 798 2590 874 argumentum
2617 839 2637 864 ‚
2701 789 2893 853 tales

484 888 1006 955 contumeliosae
1035 910 1259 966 voces,
1296 888 1531 975 quales
1561 889 1690 955 hae
1721 900 1909 955 sunt:
1939 891 2183 976 πτωχός
2214 897 2281 955 et
2308 892 2616 976 λιμοθνής
2657 891 2890 957 levis·

481 992 629 1056 simi
660 1014 822 1057 sane
854 991 1174 1079 ponderis
1207 1000 1381 1067 sunt,
1413 993 1610 1057 immo
1640 992 1965 1059 ridiculae
2001 1014 2201 1081 quam
2229 994 2542 1070 maxime,
2584 1016 2785 1058 cum
2817 995 2883 1058 in

482 1096 773 1183 aliquem
793 1096 1160 1183 jactantur,
1193 1097 1309 1182 qui
1326 1094 1579 1161 divitiis
1611 1096 1789 1161 unde
1818 1096 2068 1161 victum
2098 1106 2336 1174 sumat,
2367 1097 2663 1181 abunde
2698 1097 2882 1163 frui-

478 1211 608 1269 tur.
695 1198 936 1285 Neque
967 1198 1081 1285 qui
1109 1220 1182 1263 re
1209 1219 1371 1264 vera
1402 1198 1592 1263 dives
1627 1205 1746 1274 est,
1779 1220 2096 1287 umquam
2125 1199 2398 1287 indigne
2427 1199 2556 1264 fert
2591 1199 2870 1286 hujus-

479 1302 665 1367 modi
695 1300 1063 1367 maledicta.
1155 1300 1476 1381 Quamvis
1509 1302 1682 1367 enim
1715 1302 2096 1369 Cassandra
2137 1302 2339 1370 valde
2369 1302 2602 1367 derisa
2638 1301 2866 1367 fuerit

482 1414 688 1491 atque
718 1410 1081 1499 contemta,
1113 1403 1377 1469 minime
1406 1413 1626 1470 tamen
1658 1405 2092 1492 cogitandum
2123 1428 2269 1471 esse
2300 1382 2450 1470 cum
2479 1403 2861 1481 Schiitzio,

481 1506 903 1585 Wellauero‚
938 1505 1120 1581 aliia,
1152 1528 1297 1571 eam
1325 1508 1395 1570 in
1426 1498 1722 1595 egestate
1750 1509 1960 1573 fuisse
1990 1509 2099 1574 vel
2128 1508 2331 1574 domo
2377 1508 2851 1583 emm-batam,

482 1610 638 1675 inde
693 1619 943 1676 certum
985 1618 1143 1686 est„
1181 1609 1367 1696 quod
1411 1610 1567 1677 talis
1625 1612 1769 1697 ejus
1811 1612 2218 1678 conditionis
2266 1631 2601 1697 nusquam
2656 1609 2857 1698 apud

477 1721 1019 1802 poetas·veteres
1065 1714 1309 1777 mentio
1355 1713 1456 1792 fit3
1504 1713 1586 1782 cf.
1628 1714 1850 1779 Herm.
1899 1714 1987 1779 ad
2046 1715 2113 1779 h.
2157 1715 2222 1793 1.,
2265 1713 2712 1780 Welckerum
2773 1714 2846 1777 in

475 1840 640 1883 mus,
662 1816 885 1885 'Rhen
930 1816 1083 1890 IX.‚
1126 1837 1192 1902 p.
1228 1814 1371 1899 200.
1461 1814 1534 1881 Si
1579 1816 1961 1882 Cassandra
2003 1817 2118 1882 illa
2161 1816 2337 1882 mala
2379 1840 2453 1882 re
2480 1839 2647 1882 vera
2676 1839 2837 1903 per·

477 1942 681 2007 pessa
712 1914 918 1996 esset,
964 1925 1141 1983 certe
1187 1936 1280 1988 vs,
1319 1919 1475 1984 1171
1512 1918 1708 1984 locus
1741 1930 1885 1986 erat
1911 1920 2080 1985 haec
2109 1919 2469 1999 referendi,
2514 1922 2631 1987 ubi
2665 1920 2826 1985 Cas-

483 2023 733 2090 sandra
776 2022 1219 2108 interroganti
1251 2022 1508 2086 Choro:

938 2131 1065 2194 πῶς
1125 2127 1253 2211 δῆτ’
1327 2125 1539 2194 ἄνατος
1596 2125 1762 2219 ἦσθα
1820 2128 2031 2205 Λοξίου
2091 2127 2278 2215 mre:
2375 2126 2511 2192 hoc
2549 2129 2796 2190 tantum„

478 2230 861 2318 respondit:
937 2229 1174 2294 ἔπειθον
1223 2228 1412 2294 οὐδέν’
1458 2234 1541 2298 ὡς
1584 2231 1702 2294 τάδ’
1750 2228 2082 2315 ἤμπλακον·

654 2333 994 2421 Singulari
1026 2355 1184 2399 vero
1218 2341 1611 2420 argumento
1643 2334 1856 2400 utitur
1883 2335 2258 2401 Karstenus
2287 2354 2356 2419 p.
2389 2332 2536 2412 274,
2579 2336 2651 2395 nt
2688 2326 2789 2391 de·

480 2444 838 2512 monstret,
901 2426 1344 2502 Cassandra-m
1398 2437 1469 2504 in
1516 2446 1868 2524 parentum
1910 2437 2117 2506 domo
2145 2459 2218 2503 re
2244 2454 2419 2504 ’vera
2459 2435 2700 2523 πτωχὸν
2741 2435 2804 2492 et

482 2533 815 2626 λιμοθνῆτα
840 2525 1061 2605 tuisse.
1147 2538 1317 2604 Nam
1347 2542 1541 2605 etiam
1559 2540 2011 2627 Sophocleam
2026 2541 2359 2608 Electram
2387 2561 2564 2627 quae
2591 2546 2656 2604 et
2667 2538 2809 2623 ipsa
2925 2537 2926 2540 ’

482 2644 681 2731 regia.
707 2645 903 2731 virgo
949 2642 1056 2718 sit,
1102 2640 1187 2705 de
1232 2663 1305 2706 se
1348 2642 1571 2708 dicere
1616 2647 1735 2730 (vs,
1777 2645 1917 2730 181)
1966 2649 2087 2710 ὧδε
2120 2647 2224 2730 μὲν
2257 2646 2448 2709 ἀεικεῖ
2473 2650 2579 2709 σὺν
2614 2643 2806 2723 στολᾷ,

378 2735 383 2742 ’
482 2754 676 2815 κεναῖς
733 2748 783 2810 δ’
828 2747 1202 2831 ἀμφίσταμαι
1243 2748 1577 2832 τραπέζαις.
1668 2746 1880 2827 Quasi
1932 2771 2106 2837 quae
2151 2747 2236 2813 de
2276 2746 2548 2812 Electra
2593 2745 2814 2811 eadem

483 2852 678 2917 etiam
724 2849 809 2915 de
852 2840 1233 2916 Cassandra
1273 2851 1498 2915 valere
1539 2872 1813 2917 necesse
1855 2852 1959 2918 sit.
2049 2851 2187 2917 Sed
2215 2849 2596 2938 Aeschylus
2643 2854 2814 2915 certe

485 2955 569 3021 de
598 2952 988 3041 hujusmodi
1017 2952 1301 3032 miseria,
1337 2975 1512 3041 quae
1543 2955 1963 3021 Cassandrae
2007 2954 2195 3042 apud
2226 2975 2389 3019 suos
2421 2949 2818 3040 perferenda

478 3059 712 3136 fuerit,
756 3055 925 3121 nihil
966 3057 1113 3125 seit.
1200 3053 1440 3145 Itaque
1484 3059 1543 3123 si
1573 3059 1688 3146 qui
1733 3059 1801 3122 in
1834 3059 2283 3123 Cassandram
2328 3064 2549 3122 stante
2593 3054 2815 3120 adhue

480 3157 766 3248 paterna
837 3158 1022 3246 regia
1075 3157 1255 3230 ,talia
1330 3162 1638 3227 convicia·
1711 3162 2234 3249 congessissent,
2312 3159 2566 3247 qualia=
2646 3158 2815 3223 haec

477 3272 666 3341 sunt,
712 3262 964 3349 πτωχός
995 3270 1061 3328 et
1087 3265 1405 3349 λιμοθνής,
1452 3264 1941 3330 conviciatores
1985 3286 2154 3360 sane
2192 3255 2618 3329 insuIsissimi
2645 3262 2817 3329 fuis-

438 3374 626 3432 -sent
651 3365 984 3443 homineS,
1027 3367 1239 3432 multo
1282 3388 1444 3433 vero
1490 3367 1812 3433 insulsior
1852 3368 2004 3453 ipsa
2036 3365 2449 3444 Cassandra,
2482 3366 2816 3454 siquidem
2925 3393 2926 3420 ÷

477 3471 641 3539 talia
670 3477 860 3535 tanto
893 3490 1096 3556 opere
1126 3478 1389 3535 curaret
1418 3480 1625 3558 atque
1654 3470 1826 3536 adeo
1856 3470 1940 3533 iis
1965 3471 2356 3548 irritaretur,
2386 3468 2609 3535 uthoc
2638 3468 2818 3542 1000,
2925 3553 2926 3560 ἵ

474 3574 593 3640 ubi
640 3572 1049 3638 calamitates
1081 3593 1240 3636 suas
1273 3571 1605 3657 deplorat,
1636 3581 1826 3636 tanta
1859 3572 2406 3639 cum'acerbitate
2435 3569 2819 3658 Apollinem

478 3678 896 3765 objurgaret,
948 3674 1136 3762 quod
1178 3669 1334 3740 illae
1363 3675 1865 3741 maledictiones
1911 3678 2038 3741 sibi
2084 3674 2456 3742 audiendae
2499 3674 2811 3739 fuissent:

474 3779 746 3866 πτωχός,
777 3779 1083 3864 λιμοθνής.
1141 3777 1349 3842 Immo
1383 3788 1903 3845 consentaneum
1932 3779 2219 3852 videtur,
2252 3777 2701 3844 Cassandram
2733 3776 2813 3841 de

473 3884 581 3950 his
607 3882 949 3958 conviciiS,
982 3882 1039 3945 si
1066 3881 1330 3967 quidem
1363 3882 1448 3946 ab
1484 3881 1715 3969 aliquo
1747 3883 1815 3946 in
1849 3905 1988 3947 eam
2009 3883 2307 3968 jactatae
2336 3882 2643 3960 fuissent,
2674 3899 2810 3945 non

474 4007 720 4074 magno
754 4006 957 4070 opere
986 3984 1446 4050 laboraturam
1478 4007 1692 4072 eaque
1720 3993 1800 4050 ut
1824 3985 2083 4052 leviora
2114 4006 2312 4072 quam
2345 3985 2594 4071 quibus
2614 3969 2808 4048 ‘com-

474 4096 872 4165 moveretur,
916 4109 1197 4173 prorsus
1227 4089 1680 4177 neglecturam
1723 4089 1949 4154 fuisse.
1989 4126 2059 4139 --
2108 4087 2299 4153 Alius
2344 4089 2605 4175 generis
2638 4089 2808 4151 esset

473 4192 610 4259 hoc
641 4193 1017 4257 convicium
1040 4240 1054 4267 ,
1087 4196 1330 4279 φοιτάς,
1375 4193 1611 4258 insana
1641 4200 1905 4259 vocata.
1991 4193 2164 4257 Nam
2183 4190 2383 4277 ,quod
2414 4199 2642 4278 spreta
2670 4190 2807 4255 fue-

473 4298 610 4362 rint
649 4296 964 4362 vaticinia
1007 4317 1131 4361 sua
1171 4298 1456 4389 ipsaque
1497 4287 1737 4362 insana
1767 4305 2044 4372 vocata,
2077 4316 2158 4360 ea
2187 4315 2348 4360 sane
2373 4296 2565 4383 justa
2609 4312 2807 4359 causa

480 4409 611 4482 est,
659 4422 779 4469 cur
821 4409 1009 4471 vates
1056 4410 1512 4494 conqueratur
1556 4408 1759 4491 atque
1788 4399 2193 4491 indignetur.
2238 4437 2324 4452 —-
2366 4398 2473 4469 Ex
2503 4398 2608 4468 his
2643 4414 2806 4491 quae
