3003 4880
1538 363 1635 457 14

408 590 653 661 terunt,
688 577 975 663 hoeest,
1006 601 1146 653 non
1174 581 1343 651 haee
1361 581 1713 672 jungenda
1742 599 1918 652 esset
1952 576 2391 673 ἐκμαρτύρησον
2422 579 2491 651 τὸ
2524 586 2585 673 μ’
2616 579 2767 653 εἰδέ-

410 712 538 766 ναι,
579 686 943 775 participio
985 688 1334 775 προόμύσας
1379 688 1579 775 quasi
1623 687 2085 775 parenthetioe
2127 690 2374 776 injecto
2405 690 2532 768 ita,
2563 698 2642 756 ut
2672 692 2761 757 de

408 791 741 878 προομοσίᾳ
772 810 947 878 qnae
976 789 1240 866 dieitur,
1272 797 1451 856 esset
1478 788 1932 877 cogitandum.
2017 790 2133 856 Sic
2163 792 2300 857 fere
2330 813 2562 859 omnes
2591 815 2754 859 eon-

410 902 693 960 struunt.
736 891 872 960 Sed
887 892 1017 958 hae
1045 892 1305 959 ratione
1328 892 1403 957 hi
1423 913 1661 976 versus
1687 892 1775 957 ab
1804 892 2351 970 antecedentibus
2382 895 2551 961 male
2582 896 2763 962 avel-

409 995 704 1062 lerentur
716 994 1115 1081 quibuscum
1139 994 1328 1060 nulla
1343 993 1684 1082 particula
1713 996 2060 1083 conjuncti
2072 1005 2245 1062 sunt.
2300 996 2541 1085 Itaque
2568 997 2638 1064 in
2663 1021 2765 1066 vs,

416 1097 577 1164 1155
606 1105 770 1184 post
794 1099 1235 1185 ἐκμαρτύρησον
1267 1119 1529 1164 comma
1558 1097 1945 1185 ponendum
1977 1107 2097 1176 est,
2131 1106 2196 1164 et
2225 1098 2766 1167 subaudiendum

409 1205 629 1279 ταῦτ-ας
673 1208 939 1286 spectat
967 1200 1138 1271 enim
1166 1201 1279 1270 hic
1309 1200 1746 1288 imperativus
1779 1200 1868 1267 ad
1897 1222 1976 1267 ea
2009 1202 2283 1288 quaein
2313 1202 2764 1270 antecedenti-

413 1303 543 1369 bus
574 1302 953 1372 Cassandra
982 1303 1068 1372 de
1098 1303 1326 1370 Choro
1359 1303 1815 1392 quaesiverat,
1851 1325 2021 1370 num
2062 1311 2340 1390 putaret
2365 1305 2582 1392 ipsam
2611 1327 2762 1371 esse

418 1405 812 1492 φευδόμαντιν
830 1453 849 1485 ,
890 1407 1231 1494 θυροκόπον
1248 1454 1267 1486 ,
1311 1407 1594 1494 φλέδονα·
1673 1406 1913 1495 Itaque
1955 1408 2395 1495 ἐκμαρτύρησον
2439 1408 2765 1495 interpre-

413 1506 694 1575 tandum
723 1516 856 1575 est:
902 1517 1222 1588 „testati-e,
1251 1509 1488 1586 sodes,
1547 1531 1652 1575 me
1681 1530 1828 1575 esse
1854 1508 2095 1576 falsam
2124 1509 2599 1597 prophetham,
2629 1511 2761 1576 eir-

419 1588 852 1679 culatrioemss
910 1612 1134 1678 Verba
1177 1613 1378 1701 igitur
1419 1610 1604 1714 haee)
1632 1614 1700 1676 τὸ
1750 1612 1809 1698 μ’
1840 1614 2090 1692 εἰδέναι,
2136 1634 2177 1678 a
2207 1612 2357 1677 solo
2405 1613 2763 1700 participio

417 1714 766 1801 προύμόσας
794 1714 1108 1801 pendent.
1192 1719 1337 1781 Hoc
1379 1713 1587 1781 modo
1633 1715 1692 1779 si
1719 1714 1945 1782 locum
1988 1715 2361 1803 intelligas,
2406 1716 2766 1802 apparebit

421 1818 637 1895 etiam,
666 1818 1233 1904 praepositionem
1258 1818 1398 1906 πρό,
1432 1839 1609 1905 quae
1638 1828 1741 1884 est
1768 1819 1838 1884 in
1867 1818 2102 1906 partie.
2144 1817 2512 1905 προύμύσας,
2541 1841 2764 1908 neque

419 1918 556 1985 hoe
595 1919 1001 2007 significare:
1063 1929 1556 2011 „antequam
1599 1921 1758 1988 tibi
1800 1922 2047 2008 plura
2090 1922 2333 1989 dieo“
2380 1925 2481 2009 (ut
2522 1923 2764 1989 volunt

424 2022 813 2090 Klausenus
845 2037 911 2089 et
938 2023 1514 2102 Schneidewinus‚
1544 2024 1614 2089 in
1644 2022 1881 2111 philol.
1909 2037 2065 2092 tom.
2092 2024 2214 2104 IX,
2246 2047 2399 2115 pag.
2434 2025 2598 2109 158),
2642 2046 2759 2092 ne·

424 2147 557 2212 que
583 2124 750 2194 hoe:
813 2133 1301 2213 „antequam
1341 2125 1735 2194 eveniant
1779 2129 2153 2194 vaticina
2193 2139 2406 2194 mea“
2436 2127 2542 2213 (id
2571 2126 2757 2212 quod

420 2228 849 2306 Heu-'mannus
903 2231 1192 2310 statuit),
1250 2230 1399 2297 sed:
1434 2240 1921 2332 „antequam
1981 2234 2355 2310 testeris,
2413 2251 2526 2296 me
2577 2248 2756 2294 esse

422 2332 880 2421 ,ψευδόμαντινῆ
927 2343 1015 2386 -’
1049 2332 1123 2400 id
1170 2333 1361 2420 quod
1395 2353 1577 2400 nune
1610 2334 1752 2421 jam
1798 2356 1927 2421 per
1959 2356 2033 2400 se
2061 2344 2309 2421 patet.
2394 2334 2760 2418 Praepo-

424 2424 779 2538 sitionfis
827 2458 1055 2515 vere,
1103 2459 1313 2525 quae
1343 2446 1469 2504 est
1500 2440 1612 2516 ἐκ,
1657 2461 1824 2503 non
1855 2446 1982 2505 est
2010 2437 2384 2528 urgenda
2412 2437 2571 2514 vis,
2618 2432 2766 2500 sed

421 2541 986 2629 ἐκμαρτύρησον
1028 2539 1206 2606 idem
1248 2540 1388 2607 fere
1430 2541 1613 2608 valet
1656 2563 1736 2608 ae
1780 2541 2068 2629 simplex
2112 2542 2500 2629 μαρτύρησον.
2598 2536 2762 2602 Non
2853 2580 2862 2587 -

421 2645 591 2713 enim
622 2666 773 2712 oum
798 2644 1185 2711 Hermanno
1229 2644 1365 2710 hoo
1393 2645 1492 2711 sic
1523 2645 1987 2733 accipiendum
2016 2653 2148 2725 est,
2206 2643 2397 2732 quasi
2441 2642 2558 2707 sit:
2621 2637 2762 2717 „de

422 2749 568 2817 abs
585 2759 800 2827 ente,
830 2747 982 2817 h..e.
1013 2769 1162 2814 eum
1192 2756 1453 2815 mortua
1481 2770 1627 2828 ero,
1657 2752 2127 2838 testare“j¹);
2172 2766 2323 2812 nam
2351 2746 2528 2812 hane
2560 2740 2767 2810 Chori

416 2853 982 2925 ,munerationem
1026 2851 1409 2918 Cassandra
1451 2854 1735 2942 statilm
1779 2850 2013 2919 audire
2040 2850 2214 2929 vult,
2276 2857 2342 2915 et
2368 2848 2504 2914 hoe
2547 2850 2766 2933 ipsum

423 2955 871 3024 testimonium
913 2955 1163 3042 exeipit
1204 2955 1627 3023 Cassandrae
1683 2956 2256 3031 adhortationem,
2315 2974 2411 3020 vs.
2474 2949 2637 3016 1157
2689 2984 2759 3000 -·

422 3061 722 3145 &augm'ssm
752 3060 820 3124 δέ
843 3082 985 3142 σου,
1012 3058 1234 3125 πόντου
1265 3060 1448 3147 πέραν
1477 3066 1802 3147 τραφεῖσαν
1848 3059 2184 3147 ἀλλόθρουν
2229 3058 2396 3123 πόλιν
2428 3055 2530 3142 (Ρ)
2574 3059 2767 3141 κυρεῖν
2847 3084 2858 3089 ’

419 3164 927 3250 λέγουσανῶςπερ
953 3166 1007 3228 εἰ
1033 3165 1432 3251 παρεστάτεις.
1490 3162 1705 3231 Aliter
1730 3186 1804 3228 se
1828 3163 2037 3229 habet
2056 3162 2531 3238 testimonium,
2563 3156 2756 3247 quod

427 3267 806 3335 Cassandra
849 3287 943 3334 vs.
977 3266 1141 3333 1276
1172 3289 1214 3332 a
1242 3267 1471 3334 Choro
1503 3267 1706 3355 petit;
1753 3266 1839 3333 de
1871 3287 2015 3353 quo
2058 3265 2234 3331 infra
2262 3262 2431 3353 quid
2460 3280 2765 3328 censeam

424 3380 763 3458 exponere
787 3366 861 3436 in'
889 3371 1109 3437 animo
1141 3379 1260 3438 est.
1290 3410 1380 3425 --·
1408 3371 1757 3438 Sententia
1784 3370 1995 3458 igitur
2022 3368 2235 3434 totius
2264 3367 2400 3433 loei
2428 3365 2599 3431 haee
2629 3370 2760 3442 est3

423 3485 731 3552 „testate
751 3495 865 3540 me
906 3497 1053 3542 esse
1083 3476 1500 3565 ψευδόμαντιν,
1529 3474 1890 3562 θυροκόπον,
1918 3474 2237 3560 φλέδοναῖ)
2268 3469 2392 3536 sed
2421 3481 2647 3545 antea,
2678 3466 2766 3531 si·

427 3577 700 3666 quidem
724 3578 814 3645 ab
847 3580 1065 3646 animo
1095 3589 1215 3647 tuo
1248 3603 1327 3646 ae
1357 3579 1685 3668 religione
1714 3578 1786 3644 ιὰ
1814 3579 2171 3666 impetrare
2199 3585 2430 3667 potes,
2455 3572 2634 3661 jura,
2662 3587 2765 3634 me

424 3682 711 3769 pristina
739 3682 991 3749 scelera
1021 3685 1091 3748 in
1110 3684 1242 3750 hae
1264 3684 1467 3750 domo
1499 3690 1815 3771 etgenere
1845 3683 2198 3748 commissa
2226 3700 2364 3744 non
2395 3671 2762 3743 divinando
2813 3676 2832 3687 ‘

426 3786 629 3863 seire,
668 3786 792 3853 sed
820 3786 1059 3854 auditu
1086 3797 1344 3855 tantum
1378 3794 1725 3875 comperta
1752 3786 2014 3854 habere.
2059 3786 2178 3852 Sin
2202 3780 2768 3868 autemjusjuran-

429 3889 588 3956 dum
630 3889 821 3958 salva
858 3889 990 3956 fide
1032 3914 1112 3958 ae
1141 3891 1500 3981 religione,
1545 3893 1855 3977 γενναίως,
1902 3890 2065 3956 dare
2093 3885 2367 3975 nequis,
2414 3895 2577 3949 tune
2607 3901 2768 3947 sane

430 4002 723 4083 oportet,
755 4000 820 4060 te
853 3998 1162 4064 omnibus
1194 3997 1353 4064 meis
1382 3995 1721 4064 vaticiniis
1749 3994 1948 4061 fidem
1978 3994 2228 4061 habere
2257 4009 2478 4076 neque
2507 3995 2768 4075 putare,

535 4256 587 4327 l)
608 4253 677 4311 de
701 4256 803 4310 hoc
826 4259 1067 4315 vocabuli
1089 4252 1417 4333 ἐπιμαρτυρεῖν
1442 4268 1543 4312 usu
1570 4255 1639 4312 ci.
1665 4230 2014 4321 Schoemann,
2036 4249 2274 4325 antiquit.
2296 4249 2489 4305 Graec.
2510 4262 2564 4318 p.
2586 4242 2706 4301 488.

532 4347 590 4418 2)
625 4344 708 4401 his
749 4346 886 4404 enlm
927 4347 1174 4409 conviciis
1219 4347 1554 4409 Cassandrae
1594 4343 1718 4402 olim
1754 4343 2082 4407 maledictum
2116 4341 2282 4399 tuisse
2319 4335 2590 4396 verit-imile
2623 4333 2681 4390 fit
2705 4346 2772 4390 ex

432 4435 534 4499 hoc
566 4435 706 4497 loco.
