3003 4880
339 3711 343 3718 ·
465 3676 888 3767 plectendam
918 3698 1063 3746 esse
1093 3688 1416 3764 proptera
1447 3700 1708 3756 censen,
1742 3677 1932 3765 quod
1957 3677 2353 3766 pronomine
2383 3675 2795 3740 demonstra-

1583 346 1677 449 i8

458 559 555 673 ita
582 584 659 647 ut
685 593 875 646 suam
901 564 1118 667 ipsius
1148 572 1351 662 animi
1379 574 1960 643 inflammationem
1991 544 2118 644 sibi
2151 594 2419 644 cernere
2443 571 2902 673 videretur.
2937 652 2938 661 ἵ

459 682 611 751 Hoc
638 704 856 771 paene
885 681 1429 752 absurdum‚esse
1447 679 1895 768 judicandum
1925 689 2044 750 est.
2116 680 2356 769 Itaque
2384 687 2718 767 poetam
2762 680 2902 746 his
2937 684 2938 689 ’

453 785 708 865 verbis,
751 792 865 873 πῦρ
910 786 1229 873 ἐπέρχεταί
1265 809 1396 870 μοι,
1444 783 1720 850 eandem
1763 784 2187 861 sententiam,
2248 804 2448 872 quam
2496 785 2895 850 continet

453 910 549 957 vs.
585 890 778 968 1174,
822 889 1191 976 exprimere
1230 909 1369 953 non
1411 887 1720 975 potuisse
1765 882 2095 974 apparere
2125 894 2314 974 pute.
2402 886 2894 952 Rectissime

454 1001 672 1060 autem
725 991 1195 1059 animadvertit
1233 991 1688 1067 Hermannus‚
1736 990 1909 1057 illud
1947 992 2061 1078 π’ὕρ
2124 990 2309 1079 quod
2351 990 2884 1087 Cassandram

451 1096 748 1182 arripere
787 1096 1102 1171 minetur,
1142 1094 1498 1181 perniciem
1532 1115 1678 1160 esse
1712 1115 1913 1181 quam
1951 1095 2012 1160 ei
2043 1094 2571 1181 Clytaemnestra
2619 1114 2880 1179 para-

451 1208 607 1265 tura
673 1199 779 1264 sit.
912 1197 1117 1279 Quod
1186 1216 1345 1264 vero
1398 1197 1967 1271 ,Schneidewinus
2040 1196 2209 1263 dicit
2264 1194 2374 1261 ad*
2408 1194 2543 1260 hoc
2631 1195 2866 1261 refu-

422 1299 764 1378 ⁸tandum,
835 1301 1029 1367 nihili
1072 1309 1203 1381 est3
1274 1300 1655 1369 contendit
1684 1302 1886 1380 enim,
1959 1300 2137 1366 hanc
2195 1298 2591 1366 sententiam
2698 1298 2860 1364 iam

455 1403 612 1470 ideo
669 1404 767 1470 rei
810 1426 945 1471 non
991 1404 1378 1482 convenire,
1420 1405 1630 1491 quod
1671 1405 1860 1470 nulla
1901 1427 2010 1470 res
2052 1424 2278 1471 earum
2325 1422 2498 1488 quae
2542 1402 2853 1469 circum

455 1506 898 1574 Cassandram
959 1508 1120 1586 sint,
1179 1507 1412 1573 miram
1470 1507 1822 1595 imaginem
1883 1507 2056 1595 ignis
2099 1505 2186 1573 ad
2230 1526 2372 1571 eam
2417 1504 2847 1571 accedentis

456 1620 818 1697 provocet,
863 1619 929 1677 et
959 1611 1149 1698 quod
1188 1632 1329 1676 non
1356 1610 1489 1697 ipsi
1520 1610 1848 1698 pernicies
1882 1610 2150 1676 obviam
2179 1609 2462 1685 feratur,
2493 1606 2622 1673 sed
2655 1608 2840 1694 ipsa

461 1713 553 1778 ad
580 1714 1168 1803 Clytaemnestram
1198 1715 1506 1782 introeat.
1543 1754 1616 1764 —
1666 1712 1805 1779 Sed
1833 1714 1975 1778 vati
2002 1713 2217 1800 ipsius
2245 1710 2430 1779 necis
2462 1731 2630 1776 suae
2658 1731 2826 1776 mo-

452 1827 745 1883 mentum
772 1817 968 1905 quasi
978 1839 1299 1905 praesens
1331 1827 1486 1885 ante
1516 1825 1799 1894 mentem
1830 1823 2157 1893 versatur,
2193 1836 2331 1902 quo
2351 1814 2489 1902 jam
2511 1815 2579 1879 in
2596 1812 2820 1879 domo

454 1917 683 1986 futura
737 1921 827 1986 sit
867 1928 934 1985 et
976 1920 1166 2012 Clytq
1199 1921 1258 1985 ei
1303 1943 1531 2001 necem
1573 1942 1741 2007 para
1857 1941 1898 1985 a
1957 1912 2487 2006 appropinquet.
2573 1917 2808 2004 Atque

455 2022 631 2111 ignis
674 2046 795 2111 per
836 2046 909 2089 se
939 2023 1290 2110 aptissima
1316 2025 1535 2110 imago
1569 2033 1700 2101 est,
1709 2014 1884 2125 (q‘ua
1926 2021 2264 2109 pernicies
2288 2019 2428 2086 vati
2471 2042 2544 2085 se
2568 2017 2797 2106 possit

454 2128 808 2214 praebere3
852 2128 992 2215 igni
1023 2127 1193 2192 enim
1222 2125 1394 2191 nihil
1422 2127 1633 2215 magis
1665 2126 2017 2191 exitiosum
2048 2123 2156 2190 vel
2184 2123 2395 2210 magis
2428 2119 2673 2189 delendi
2701 2117 2778 2182 vi

396 2244 403 2258 ‘
453 2224 833 2317 praeditum
863 2241 979 2317 est
1052 2229 1242 2295 Talis
1271 2230 1479 2318 igitur
1509 2229 1732 2317 imago
1762 2248 2190 2316 nequaquam
2218 2247 2498 2291 necesse
2524 2229 2614 2289 est
2634 2219 2763 2286 ulla

459 2333 589 2401 alia
629 2355 699 2397 re
738 2342 1147 2420 provocetur
1186 2332 1297 2398 vel
1339 2332 1424 2397 ab
1455 2331 1538 2397 iis
1567 2331 1772 2397 rebus,
1802 2352 1978 2418 quae
2008 2331 2078 2395 in
2107 2329 2420 2417 proximo
2455 2334 2524 2394 et
2551 2326 2778 2391 circum

456 2438 674 2525 ipsam
716 2444 937 2502 vatem
967 2435 1120 2514 sint,
1151 2446 1429 2523 petatur.
1517 2435 1725 2501 Immo
1772 2436 1950 2503 Cass.
1999 2433 2372 2501 vaticinans
2420 2430 2617 2520 quasi
2658 2448 2794 2494 non

461 2543 549 2608 sit
575 2541 710 2607 hoc
753 2540 907 2605 loco
954 2539 1072 2604 ubi
1114 2547 1281 2616 stat,
1324 2541 1660 2628 loquitur,
1706 2539 1827 2605 sed
1858 2549 1938 2603 'eo
1967 2540 2117 2625 ipso
2146 2537 2301 2603 loco
2332 2536 2451 2602 ubi
2479 2544 2797 2601 eventura

455 2653 613 2712 sunt
626 2667 704 2710 ea
716 2666 894 2732 quae
906 2643 1232 2731 praedicit
1246 2667 1261 2721 ς
1288 2642 1358 2707 id
1375 2643 1562 2730 quod
1578 2642 2020 2730 propheticae
2035 2640 2327 2709 orationi
2339 2639 2622 2704 maxime
2649 2658 2797 2703 eon·

464 2748 663 2814 venit.
720 2747 961 2834 Itaque
988 2745 1401 2812 Wieselerus
1445 2767 1722 2833 quoque
1751 2744 1791 2811 L
1818 2768 1872 2811 c.
1904 2743 2268 2813 Hermanni
2292 2741 2802 2831 explicationem

456 2858 533 2918 ut
573 2874 610 2917 e
636 2851 1009 2938 longinquo
1055 2849 1436 2915 arcessitam
1479 2849 2006 2936 reprehendens,
2050 2867 2403 2936 perperam
2435 2845 2796 2934 judicavit.

587 2953 724 3020 Sed
755 2974 904 3019 cum
936 2952 1020 3032 de
1046 2974 1295 3018 versus·
1327 2954 1655 3019 sententia
1688 2959 1754 3018 et
1784 2953 1867 3018 de
1893 2954 2069 3041 ignis
2099 2950 2280 3015 illius
2310 2947 2802 3037 significatione

466 3057 632 3124 satis
662 3058 749 3123 sit
792 3057 1063 3135 dictum,
1095 3057 1249 3143 ipsa
1277 3059 1488 3123 verba
1518 3055 2015 3122 consideranda
2043 3061 2220 3120 sunt.
2307 3052 2621 3139 Plerique
2647 3073 2802 3118 ver-

461 3184 605 3228 sum
637 3161 732 3226 sic
762 3159 1140 3225 ediderunt:
1173 3165 1380 3225 παπαῖ·
1414 3162 1537 3242 οἷον
1580 3162 1648 3224 τὸ
1678 3157 2138 3247 πόρέπέρχεται
2178 3157 2245 3222 δέ
2277 3180 2398 3243 μοι,
2423 3156 2595 3221 inter
2624 3176 2801 3242 quos

463 3265 657 3331 etiam
689 3262 1253 3330 SchneidewinuS.
1330 3263 1468 3329 Sed
1500 3264 1931 3330 Hermannus
1962 3262 2163 3328 talem
2194 3282 2460 3328 versum
2489 3266 2567 3327 ut
2596 3257 2801 3324 elum·
2933 3273 2939 3348 ῃ

462 3369 608 3435 bem
641 3367 726 3432 ab
756 3364 1095 3452 Aeschylo
1120 3366 1527 3454 abjudicans
1557 3368 1920 3434 rectissime
1950 3366 2253 3454 scripsit:

834 3539 843 3552 f
1133 3475 1342 3536 παπαῖ·
1384 3473 1509 3537 τόδ’
1542 3473 1664 3536 οἷον
1695 3476 1829 3558 πῦρ·
1864 3473 1952 3536 ἐπ.
1986 3474 2038 3536 ὃ.
2073 3497 2152 3557 μ.·

470 3596 670 3663 quam
702 3572 1256 3654 emendationem,
1290 3576 1594 3662 quamvis
1624 3596 1763 3641 non
1791 3576 1889 3640 ita
1914 3574 2134 3641 facilis
2165 3574 2287 3651 sit,
2320 3570 2628 3660 equidem
2658 3590 2795 3634 amv

466 3784 606 3849 tivo
646 3780 1016 3847 vix-careri
1049 3791 1292 3867 potest.
1379 3780 1562 3847 Male
1593 3782 1767 3847 enim
1810 3785 1889 3849 τὸ
1930 3790 2067 3871 πῦρ
2114 3781 2365 3848 diceret
2395 3778 2601 3855 Cass,
2648 3797 2791 3841 cum

466 3886 688 3952 adhuc
718 3885 934 3970 ignem
975 3884 1277 3950 nondum
1322 3884 1596 3964 viderit;
1645 3908 1872 3952 omnes
1919 3908 2077 3954 vero
2122 3907 2291 3973 quas
2320 3879 2561 3947 habuit
2588 3879 2787 3945 visio-

468 4011 608 4067 nes,
642 3989 1033 4075 pronomine
1064 3989 1168 4054 ὅδε
1210 3999 1406 4056 utens
1434 3990 1869 4069 monstravit3
1902 3990 1985 4061 cf.
2015 4012 2115 4060 vs.
2152 3986 2317 4053 1054
2346 4007 2484 4073 seq.
2522 3989 2787 4072 μαρτυρί-

469 4118 586 4159 οισι
626 4092 736 4179 γὰρ
778 4093 1001 4161 τοῖςδ’
1048 4094 1444 4179 ἐπιπείθομαι·
1470 4094 1810 4180 ,κλαιόμενα
1854 4096 2032 4159 τάδε
2063 4093 2253 4181 βρέφη
2286 4096 2441 4169 cet.;
2485 4111 2584 4158 vs.
2635 4085 2788 4152 1060

463 4199 524 4263 τί
556 4197 694 4262 τόδε
731 4197 860 4262 νέον
903 4196 1054 4283 ἄχος
1086 4199 1271 4284 μέγας
1313 4219 1408 4263 νει.
1456 4197 1621 4264 1066
1668 4202 1737 4266 ἰὼ
1766 4201 2045 4278 τάλαινα,
2088 4196 2263 4263 τόδε
2290 4194 2402 4283 γὰρ
2432 4197 2646 4271 τελεῖςς
2700 4211 2787 4257 vs.

474 4300 638 4368 1073
680 4302 738 4367 τί
772 4301 948 4367 τόδε
991 4304 1288 4391 <petiveram
1335 4300 1499 4370 1176
1533 4304 1709 4392 ὁρᾶτε
1747 4303 2014 4377 τοΰςὸε
2040 4302 2178 4378 τοὺς
2208 4301 2413 4393 δόμοις
2443 4296 2791 4389 ἐφημένουςὶ

473 4404 636 4480 1217
669 4407 817 4500 αὕτη
850 4409 1053 4482 δίπους
1080 4409 1284 4479 λέαινα
1314 4458 1326 4478 .
1358 4460 1370 4477 .
1400 4459 1412 4476 .
1443 4413 1635 4479 κτενεῖ
1661 4431 1754 4500 με·
