3003 4880
1362 1606 1506 1664 οὔπω
1531 1604 1734 1683 Ευνῆαια·
1780 1614 1868 1667 νῦν
1886 1615 1985 1686 γὰρ
2016 1611 2069 1675 εξ
2092 1613 2406 1684 αἰνιγμάτων

1354 1695 1682 1768 ἐπαργέμοισι
1703 1694 1976 1771 θεσφάτοις
2000 1701 2266 1775 ἀμηχανῶ·

1757 1784 2424 1857 Aeseh.Agam.vs.1071
2454 1803 2569 1863 seq.

1358 1865 1508 1926 δὸκος
1535 1859 1618 1923 ἐτῖι
1639 1872 1760 1925 πᾶσι
1783 1870 2035 1924 τέτυκται·

1753 1953 2134 2027 Xenophanes.

205 2112 328 2230 Ut
381 2146 575 2211 inter'
615 2142 937 2232 Aeschyli
977 2141 1278 2220 fabulae,
1328 2147 1511 2230 quae'
1550 2150 1840 2209 aetatem
1886 2143 2215 2221 tulerunt,
2275 2147 2562 2234 primum

205 2250 437 2317 locum
464 2257 646 2314 tenet
672 2247 1107 2333 Agamemno,
1138 2246 1212 2311 id
1243 2245 1433 2335 quod
1462 2247 1638 2311 inter
1671 2246 2046 2334 plerosque
2076 2248 2312 2315 harum
2342 2268 2563 2316 rerum

44 2390 50 2399 ·
116 2424 123 2431 ‘
219 2353 674 2418 aestimatores
715 2350 970 2415 dudum
1023 2357 1330 2427 constat,
1391 2350 1491 2437 sie
1550 2368 1690 2414 non
1746 2349 1951 2415 modo
1993 2350 2199 2439 hujus
2243 2350 2564 2419 dramatis

216 2454 760 2545 pulcherrrimam
803 2464 1060 2541 partem
1121 2453 1243 2519 sed
1286 2455 1480 2519 etiam
1532 2452 1890 2518 universae
1933 2456 2229 2542 tragicae
2273 2462 2562 2543 poeseos

215 2559 554 2648 fastigium
588 2579 731 2623 esse
762 2579 902 2623 eam
933 2579 1251 2635 scenam‚·
1270 2559 1339 2622 in
1371 2578 1510 2645 qua
1542 2555 1926 2623 Cassandra
1954 2558 2334 2624 vaticinans
2364 2559 2562 2626 indu·

219 2664 419 2740 citur,
473 2668 537 2727 et
577 2667 839 2728 veteres
883 2666 1239 2726 senser'unt
1270 2669 1337 2727 et
1364 2660 1811 2727 recentiorum
1839 2660 2043 2726 -multi
2075 2679 2362 2748 quorum
2382 2661 2564 2750 judi-

221 2766 393 2831 cium
451 2764 720 2852 plurimi
770 2771 873 2829 est
940 2763 1374 2842 faciendum‚·
1424 2762 1721 2851 professi
1791 2770 1964 2829 sunt.
2076 2765 2176 2829 Ao
2242 2762 2328 2829 de
2391 2764 2562 2830 anti-

221 2869 366 2957 quis
419 2867 687 2956 quidem
736 2865 872 2932 hoe
923 2873 1213 2932 testatur
1273 2868 1364 2944 is,
1431 2867 1546 2954 qui
1593 2867 1875 2931 ὑπόθεσιν
1940 2867 2346 2955 conscripsit
2404 2866 2564 2932 huie

217 2970 486 3037 fabulae
528 2970 996 3058 praemissam,
1051 2970 1159 3035 his
1201 2971 1462 3036 verbis:
1508 2975 1684 3035 τοῦτο
1715 2973 1781 3036 δὲ
1810 2973 1878 3035 τὸ
1923 2972 2101 3058 μέρος
2129 2977 2234 3036 τοῦ
2267 2973 2564 3057 δράματος

220 3077 609 3161 θαυμάζεται,
635 3079 718 3144 ὡς
744 3076 844 3139 καὶ
877 3072 1146 3160 ἔκπληξιν
1178 3077 1284 3139 καί
1309 3074 1501 3140 οἶκτον
1534 3075 1731 3140 ἱκανὸν
1765 3075 2023 3160 ἐμποιεῖν
2037 3078 2100 3155 ¹).
2144 3073 2205 3140 Ε
2233 3074 2559 3140 recentio-

220 3201 360 3245 rum
398 3185 620 3245 autem
651 3176 852 3243 dictis
884 3177 1332 3244 Schoemanni
1351 3227 1368 3254 ‚
1398 3178 1531 3245 viri
1559 3179 1910 3267 insigniter
1940 3178 2024 3243 de
2051 3176 2395 3268 Aeschylo
2426 3199 2560 3243 me-

221 3281 357 3351 riti.
411 3282 619 3347 verba
662 3281 861 3347 affere
899 3280 1095 3360 vo10‚
1145 3282 1393 3370 quibus
1438 3283 1651 3348 utitur
1690 3282 1759 3346 in
1809 3280 2387 3346 emendationibus
2418 3281 2560 3345 suis

225 3383 610 3474 Aeschyleis
626 3387 712 3471 2);
803 3384 995 3463 „Hoc
1066 3384 1376 3472 episodio
1444 3384 1620 3450 nihil
1675 3382 2044 3472 quidquam
2108 3381 2558 3459 excellentius,

224 3486 427 3563 „nihil
455 3487 541 3553 ad
558 3489 810 3553 animos
842 3487 1220 3553 auditorum
1250 3488 1360 3553 vel
1374 3488 1661 3553 horrore
1701 3487 1809 3553 vel
1841 3484 2282 3552 admiratione
2309 3486 2417 3550 vel
2438 3487 2561 3550 mi-

222 3590 620 3666 „serieordia
646 3590 1139 3678 permovendos
1171 3589 1508 3656 efficacius
1538 3610 1942 3679 aquoquam
1961 3586 2166 3652 ullius
2198 3595 2315 3652 aut
2341 3589 2558 3675 gentis

224 3699 374 3769 „aut
399 3694 635 3758 aetatis
664 3686 872 3781 poeta
904 3692 1151 3759 factum
1186 3701 1342 3759 est.“
1414 3694 1553 3759 Sed
1584 3693 1669 3759 de
1697 3694 1903 3781 hujus
1948 3689 2331 3778 tragoediae
2360 3710 2555 3776 prae-

227 3796 461 3860 stantia
490 3795 626 3861 hoe
652 3796 809 3862 loco
843 3796 1007 3862 nihil
1038 3796 1326 3884 amplius
1369 3796 1727 3863 dicendum
1769 3804 1903 3872 est3
1946 3793 2142 3859 nobis
2173 3793 2344 3858 enim
2376 3793 2559 3859 aliud

226 3896 419 3985 idque
450 3898 733 3964 arduum
765 3919 942 3986 opus
974 3898 1516 3987 aggrediendum.
1580 3899 1757 3965 Nam
1787 3906 1865 3964 ut
1884 3896 2124 3962 fabula
2152 3902 2388 3962 nostra
2410 3902 2558 3962 tota

322 4138 412 4207 1)
397 4157 449 4194 m
471 4139 552 4194 his
578 4140 792 4195 verbis'
782 4141 946 4194 ικανὸν
969 4159 1075 4195 non
1102 4158 1218 4195 cum
1244 4141 1409 4194 οἶκτον
1435 4139 1851 4213 conjungendum
1880 4155 2019 4205 esse,
2044 4137 2143 4192 sed
2172 4136 2240 4192 ad
2264 4135 2416 4210 μέρος
2435 4152 2557 4208 per·

226 4223 393 4292 tinere,
417 4233 561 4281 recte
586 4226 1193 4293 autmadv.Ka1-stenus;
1229 4226 1408 4297 itaque
1430 4228 1558 4282 nihil
1583 4227 1902 4283 mutandum.

316 4327 367 4398 2)
390 4328 441 4383 in
467 4329 741 4401 prooemio
766 4329 920 4385 indici
954 4331 1239 4385 tectionum
1275 4329 1326 4384 in
1360 4328 2000 4405 mivers.Grypbiswald.
2036 4322 2556 4396 d.1853hab1tarum

229 4415 530 4484 praemisso,
552 4432 607 4485 p.
631 4414 682 4470 7.

2233 4502 2255 4553 l
