<?xml version="1.0" encoding="UTF-8"?>
<!DOCTYPE html PUBLIC "-//W3C//DTD XHTML 1.0 Transitional//EN"
    "http://www.w3.org/TR/xhtml1/DTD/xhtml1-transitional.dtd">
<html xmlns="http://www.w3.org/1999/xhtml" xml:lang="en" lang="en">
 <head>
  <title>
</title>
<meta http-equiv="Content-Type" content="text/html;charset=utf-8" />
  <meta name='ocr-system' content='tesseract 3.04.00' />
  <meta name='ocr-capabilities' content='ocr_page ocr_carea ocr_par ocr_line ocrx_word'/>
</head>
<body>
  <div class='ocr_page' id='page_1' title='image "./deaeschyliagame00rhodgoog_0017.png"; bbox 0 0 3003 4880; ppageno 0'>
   <div class='ocr_carea' id='block_1_1' title="bbox 1375 384 1427 462">
    <p class='ocr_par' dir='ltr' id='par_1_1' title="bbox 1375 384 1427 462">
     <span class='ocr_line' id='line_1_1' title="bbox 1375 384 1427 462; baseline 0 0"><span class='ocrx_word' id='word_1_1' title='bbox 1375 384 1427 462; x_wconf 86' lang='grc'><strong>9</strong></span> 
     </span>
    </p>
   </div>
   <div class='ocr_carea' id='block_1_2' title="bbox 182 588 2582 4569">
    <p class='ocr_par' dir='ltr' id='par_1_2' title="bbox 182 588 2582 3256">
     <span class='ocr_line' id='line_1_2' title="bbox 182 588 2582 685; baseline 0.002 -23"><span class='ocrx_word' id='word_1_2' title='bbox 182 596 400 662; x_wconf 87' lang='lat' dir='ltr'><strong>illum</strong></span> <span class='ocrx_word' id='word_1_3' title='bbox 444 588 753 681; x_wconf 79' lang='lat' dir='ltr'>plerique</span> <span class='ocrx_word' id='word_1_4' title='bbox 794 590 1316 682; x_wconf 86' lang='lat' dir='ltr'><strong>Bernhardyum</strong></span> <span class='ocrx_word' id='word_1_5' title='bbox 1361 600 1722 680; x_wconf 80' lang='lat' dir='ltr'>sequentes</span> <span class='ocrx_word' id='word_1_6' title='bbox 1768 597 1850 679; x_wconf 84' lang='lat' dir='ltr'><strong>(v.</strong></span> <span class='ocrx_word' id='word_1_7' title='bbox 1879 595 1950 660; x_wconf 89' lang='lat' dir='ltr'><strong>in</strong></span> <span class='ocrx_word' id='word_1_8' title='bbox 1981 606 2154 684; x_wconf 85' lang='lat' dir='ltr'><strong>synt.</strong></span> <span class='ocrx_word' id='word_1_9' title='bbox 2193 621 2257 685; x_wconf 88' lang='lat' dir='ltr'><strong>p.</strong></span> <span class='ocrx_word' id='word_1_10' title='bbox 2295 599 2460 684; x_wconf 83' lang='lat'><strong>13¹7),</strong></span> <span class='ocrx_word' id='word_1_11' title='bbox 2504 610 2582 667; x_wconf 84' lang='lat' dir='ltr'><strong>ut</strong></span> 
     </span>
     <span class='ocr_line' id='line_1_3' title="bbox 184 696 2580 783; baseline 0.002 -18"><span class='ocrx_word' id='word_1_12' title='bbox 184 700 626 773; x_wconf 76' lang='lat' dir='ltr'><strong>KlausenuS,</strong></span> <span class='ocrx_word' id='word_1_13' title='bbox 674 697 1017 773; x_wconf 71' lang='lat' dir='ltr'><strong>FranziuS‚</strong></span> <span class='ocrx_word' id='word_1_14' title='bbox 1066 697 1171 773; x_wconf 92' lang='lat' dir='ltr'><strong>al.,</strong></span> <span class='ocrx_word' id='word_1_15' title='bbox 1216 718 1438 783; x_wconf 82' lang='lat' dir='ltr'>nuper</span> <span class='ocrx_word' id='word_1_16' title='bbox 1483 697 1678 760; x_wconf 85' lang='lat' dir='ltr'><strong>etiam</strong></span> <span class='ocrx_word' id='word_1_17' title='bbox 1725 696 2298 778; x_wconf 76' lang='lat' dir='ltr'><strong>SchneidewinUS,</strong></span> <span class='ocrx_word' id='word_1_18' title='bbox 2354 704 2580 769; x_wconf 90' lang='lat' dir='ltr'><strong>locum</strong></span> 
     </span>
     <span class='ocr_line' id='line_1_4' title="bbox 186 786 2578 889; baseline 0.001 -20"><span class='ocrx_word' id='word_1_19' title='bbox 186 804 576 889; x_wconf 77' lang='lat' dir='ltr'><strong>designare</strong></span> <span class='ocrx_word' id='word_1_20' title='bbox 607 806 1009 877; x_wconf 81' lang='lat' dir='ltr'><strong>statuerunt,</strong></span> <span class='ocrx_word' id='word_1_21' title='bbox 1072 821 1155 876; x_wconf 88' lang='lat' dir='ltr'><strong>„a</strong></span> <span class='ocrx_word' id='word_1_22' title='bbox 1184 786 1391 886; x_wconf 50' lang='lat' dir='ltr'><strong>&#39;cujus</strong></span> <span class='ocrx_word' id='word_1_23' title='bbox 1435 800 1708 885; x_wconf 81' lang='lat' dir='ltr'>regione</span> <span class='ocrx_word' id='word_1_24' title='bbox 1752 800 1921 865; x_wconf 86' lang='lat' dir='ltr'><strong>alter</strong></span> <span class='ocrx_word' id='word_1_25' title='bbox 1958 803 2150 869; x_wconf 82' lang='lat' dir='ltr'><strong>loc‘us</strong></span> <span class='ocrx_word' id='word_1_26' title='bbox 2195 805 2578 871; x_wconf 88' lang='lat' dir='ltr'><strong>determine-</strong></span> 
     </span>
     <span class='ocr_line' id='line_1_5' title="bbox 191 902 2581 996; baseline 0.001 -25"><span class='ocrx_word' id='word_1_27' title='bbox 191 917 396 982; x_wconf 79' lang='lat' dir='ltr'><strong>tur,“</strong></span> <span class='ocrx_word' id='word_1_28' title='bbox 437 915 513 969; x_wconf 88' lang='lat' dir='ltr'><strong>ut</strong></span> <span class='ocrx_word' id='word_1_29' title='bbox 545 907 708 988; x_wconf 76' lang='grc' dir='ltr'>μῆλα</span> <span class='ocrx_word' id='word_1_30' title='bbox 741 903 983 988; x_wconf 79' lang='grc' dir='ltr'>ἕστηκεν</span> <span class='ocrx_word' id='word_1_31' title='bbox 1017 904 1208 970; x_wconf 80' lang='grc' dir='ltr'>ἑστίας</span> <span class='ocrx_word' id='word_1_32' title='bbox 1239 903 1355 966; x_wconf 89' lang='lat' dir='ltr'><strong>sit:</strong></span> <span class='ocrx_word' id='word_1_33' title='bbox 1370 902 1773 992; x_wconf 46' lang='lat' dir='ltr'><strong>,stationem</strong></span> <span class='ocrx_word' id='word_1_34' title='bbox 1806 915 2211 992; x_wconf 85' lang='lat' dir='ltr'><strong>acceperunt</strong></span> <span class='ocrx_word' id='word_1_35' title='bbox 2241 929 2281 972; x_wconf 86' lang='lat' dir='ltr'><strong>a</strong></span> <span class='ocrx_word' id='word_1_36' title='bbox 2308 909 2581 996; x_wconf 82' lang='lat' dir='ltr'><strong>regione</strong></span> 
     </span>
     <span class='ocr_line' id='line_1_6' title="bbox 210 1004 2579 1099; baseline 0.001 -25"><span class='ocrx_word' id='word_1_37' title='bbox 210 1031 406 1092; x_wconf 82' lang='lat' dir='ltr'><strong>arae,</strong></span> <span class='ocrx_word' id='word_1_38' title='bbox 446 1009 506 1073; x_wconf 88' lang='lat' dir='ltr'><strong>h.</strong></span> <span class='ocrx_word' id='word_1_39' title='bbox 539 1030 592 1071; x_wconf 91' lang='lat' dir='ltr'><strong>e.</strong></span> <span class='ocrx_word' id='word_1_40' title='bbox 628 1010 813 1072; x_wconf 83' lang='lat' dir='ltr'><strong>stant</strong></span> <span class='ocrx_word' id='word_1_41' title='bbox 857 1006 1035 1088; x_wconf 84' lang='lat' dir='ltr'><strong>circa</strong></span> <span class='ocrx_word' id='word_1_42' title='bbox 1080 1026 1269 1075; x_wconf 83' lang='lat' dir='ltr'><strong>aram</strong></span> <span class='ocrx_word' id='word_1_43' title='bbox 1297 1011 1362 1068; x_wconf 88' lang='lat' dir='ltr'><strong>et</strong></span> <span class='ocrx_word' id='word_1_44' title='bbox 1392 1004 1481 1069; x_wconf 90' lang='lat' dir='ltr'><strong>ad</strong></span> <span class='ocrx_word' id='word_1_45' title='bbox 1514 1024 1657 1068; x_wconf 86' lang='lat' dir='ltr'><strong>eam</strong></span> <span class='ocrx_word' id='word_1_46' title='bbox 1687 1008 2080 1099; x_wconf 68' lang='lat' dir='ltr'><strong>pertin‘entf‘</strong></span> <span class='ocrx_word' id='word_1_47' title='bbox 2172 1009 2579 1097; x_wconf 87' lang='lat' dir='ltr'><strong>Comparant</strong></span> 
     </span>
     <span class='ocr_line' id='line_1_7' title="bbox 211 1107 2573 1201; baseline 0.001 -24"><span class='ocrx_word' id='word_1_48' title='bbox 211 1112 310 1178; x_wconf 86' lang='lat' dir='ltr'><strong>ad</strong></span> <span class='ocrx_word' id='word_1_49' title='bbox 342 1113 524 1176; x_wconf 89' lang='lat' dir='ltr'><strong>hunc</strong></span> <span class='ocrx_word' id='word_1_50' title='bbox 558 1109 852 1174; x_wconf 74' lang='lat' dir='ltr'><strong>Genitivi</strong></span> <span class='ocrx_word' id='word_1_51' title='bbox 883 1130 1078 1173; x_wconf 89' lang='lat' dir='ltr'><strong>usum</strong></span> <span class='ocrx_word' id='word_1_52' title='bbox 1120 1107 1532 1171; x_wconf 85' lang='lat' dir='ltr'><strong>fulciendum</strong></span> <span class='ocrx_word' id='word_1_53' title='bbox 1562 1107 1634 1174; x_wconf 90' lang='lat' dir='ltr'><strong>Il.</strong></span> <span class='ocrx_word' id='word_1_54' title='bbox 1681 1133 1717 1186; x_wconf 82' lang='grc' dir='ltr'><strong>ι,</strong></span> <span class='ocrx_word' id='word_1_55' title='bbox 1765 1108 1906 1175; x_wconf 83' lang='grc'><strong>219.</strong></span> <span class='ocrx_word' id='word_1_56' title='bbox 1949 1116 2155 1198; x_wconf 85' lang='grc' dir='ltr'>τοίχου</span> <span class='ocrx_word' id='word_1_57' title='bbox 2199 1119 2304 1177; x_wconf 77' lang='grc' dir='ltr'>τοῦ</span> <span class='ocrx_word' id='word_1_58' title='bbox 2349 1115 2573 1201; x_wconf 77' lang='grc' dir='ltr'>ἑτέροιο</span> 
     </span>
     <span class='ocr_line' id='line_1_8' title="bbox 213 1208 2574 1306; baseline 0.002 -26"><span class='ocrx_word' id='word_1_59' title='bbox 213 1219 360 1292; x_wconf 73' lang='grc' dir='ltr'>ἷζεν,</span> <span class='ocrx_word' id='word_1_60' title='bbox 395 1214 461 1282; x_wconf 85' lang='lat' dir='ltr'><strong>h.</strong></span> <span class='ocrx_word' id='word_1_61' title='bbox 497 1235 547 1278; x_wconf 91' lang='lat' dir='ltr'><strong>e.</strong></span> <span class='ocrx_word' id='word_1_62' title='bbox 579 1212 666 1277; x_wconf 86' lang='lat' dir='ltr'><strong>ad</strong></span> <span class='ocrx_word' id='word_1_63' title='bbox 698 1212 979 1277; x_wconf 86' lang='lat' dir='ltr'><strong>alterum</strong></span> <span class='ocrx_word' id='word_1_64' title='bbox 1007 1212 1351 1298; x_wconf 84' lang='lat' dir='ltr'><strong>parietem,</strong></span> <span class='ocrx_word' id='word_1_65' title='bbox 1398 1217 1462 1276; x_wconf 89' lang='lat' dir='ltr'><strong>et</strong></span> <span class='ocrx_word' id='word_1_66' title='bbox 1491 1208 1703 1297; x_wconf 74' lang='lat' dir='ltr'><strong>soph.</strong></span> <span class='ocrx_word' id='word_1_67' title='bbox 1733 1210 1904 1282; x_wconf 84' lang='lat' dir='ltr'><strong>Oed.</strong></span> <span class='ocrx_word' id='word_1_68' title='bbox 1937 1214 2012 1280; x_wconf 88' lang='lat' dir='ltr'><strong>R.</strong></span> <span class='ocrx_word' id='word_1_69' title='bbox 2042 1216 2169 1281; x_wconf 82' lang='lat'><strong>808</strong></span> <span class='ocrx_word' id='word_1_70' title='bbox 2202 1217 2353 1304; x_wconf 81' lang='grc' dir='ltr'>ὄχου</span> <span class='ocrx_word' id='word_1_71' title='bbox 2383 1244 2574 1306; x_wconf 85' lang='grc' dir='ltr'>παρα-</span> 
     </span>
     <span class='ocr_line' id='line_1_9' title="bbox 209 1312 2578 1409; baseline 0.001 -24"><span class='ocrx_word' id='word_1_72' title='bbox 209 1322 547 1405; x_wconf 81' lang='grc' dir='ltr'>στείχοντα.</span> <span class='ocrx_word' id='word_1_73' title='bbox 634 1314 772 1379; x_wconf 81' lang='lat' dir='ltr'><strong>Sed</strong></span> <span class='ocrx_word' id='word_1_74' title='bbox 804 1313 1109 1400; x_wconf 83' lang='lat' dir='ltr'><strong>exempla</strong></span> <span class='ocrx_word' id='word_1_75' title='bbox 1154 1334 1235 1376; x_wconf 78' lang='lat' dir='ltr'><strong>ex</strong></span> <span class='ocrx_word' id='word_1_76' title='bbox 1265 1312 1563 1377; x_wconf 84' lang='lat' dir='ltr'><strong>Homero</strong></span> <span class='ocrx_word' id='word_1_77' title='bbox 1608 1314 1820 1399; x_wconf 76' lang='lat' dir='ltr'><strong>petita</strong></span> <span class='ocrx_word' id='word_1_78' title='bbox 1862 1315 1950 1380; x_wconf 88' lang='lat' dir='ltr'><strong>ad</strong></span> <span class='ocrx_word' id='word_1_79' title='bbox 1990 1321 2398 1409; x_wconf 82' lang='lat' dir='ltr'>tragicorum</span> <span class='ocrx_word' id='word_1_80' title='bbox 2442 1344 2578 1387; x_wconf 88' lang='lat' dir='ltr'><strong>ser-</strong></span> 
     </span>
     <span class='ocr_line' id='line_1_10' title="bbox 207 1413 2578 1502; baseline 0.002 -14"><span class='ocrx_word' id='word_1_81' title='bbox 207 1422 441 1489; x_wconf 81' lang='lat' dir='ltr'>monis</span> <span class='ocrx_word' id='word_1_82' title='bbox 502 1440 690 1484; x_wconf 81' lang='lat' dir='ltr'><strong>nsum</strong></span> <span class='ocrx_word' id='word_1_83' title='bbox 736 1415 1280 1481; x_wconf 71' lang='lat' dir='ltr'><strong>constituendum</strong></span> <span class='ocrx_word' id='word_1_84' title='bbox 1325 1417 1396 1479; x_wconf 89' lang='lat' dir='ltr'><strong>in</strong></span> <span class='ocrx_word' id='word_1_85' title='bbox 1438 1413 1704 1480; x_wconf 79' lang='lat' dir='ltr'><strong>talibus</strong></span> <span class='ocrx_word' id='word_1_86' title='bbox 1731 1417 1935 1482; x_wconf 88' lang='lat' dir='ltr'><strong>rebus</strong></span> <span class='ocrx_word' id='word_1_87' title='bbox 1978 1419 2148 1485; x_wconf 86' lang='lat' dir='ltr'>nihil</span> <span class='ocrx_word' id='word_1_88' title='bbox 2205 1422 2451 1502; x_wconf 87' lang='lat' dir='ltr'><strong>valent,</strong></span> <span class='ocrx_word' id='word_1_89' title='bbox 2513 1435 2578 1492; x_wconf 91' lang='lat' dir='ltr'><strong>et</strong></span> 
     </span>
     <span class='ocr_line' id='line_1_11' title="bbox 211 1519 2577 1613; baseline 0 -19"><span class='ocrx_word' id='word_1_90' title='bbox 211 1523 656 1613; x_wconf 80' lang='lat' dir='ltr'><strong>Sophocleus</strong></span> <span class='ocrx_word' id='word_1_91' title='bbox 686 1520 798 1585; x_wconf 88' lang='lat' dir='ltr'><strong>ille</strong></span> <span class='ocrx_word' id='word_1_92' title='bbox 824 1521 1020 1585; x_wconf 91' lang='lat' dir='ltr'><strong>locus</strong></span> <span class='ocrx_word' id='word_1_93' title='bbox 1053 1540 1139 1582; x_wconf 89' lang='lat' dir='ltr'><strong>an</strong></span> <span class='ocrx_word' id='word_1_94' title='bbox 1174 1540 1313 1582; x_wconf 90' lang='lat' dir='ltr'><strong>non</strong></span> <span class='ocrx_word' id='word_1_95' title='bbox 1354 1527 1534 1583; x_wconf 85' lang='lat' dir='ltr'><strong>recte</strong></span> <span class='ocrx_word' id='word_1_96' title='bbox 1565 1541 1637 1583; x_wconf 71' lang='lat' dir='ltr'><strong>se</strong></span> <span class='ocrx_word' id='word_1_97' title='bbox 1663 1519 1933 1599; x_wconf 86' lang='lat' dir='ltr'><strong>habeat,</strong></span> <span class='ocrx_word' id='word_1_98' title='bbox 1966 1523 2166 1589; x_wconf 87' lang='lat' dir='ltr'><strong>valde</strong></span> <span class='ocrx_word' id='word_1_99' title='bbox 2196 1534 2423 1611; x_wconf 85' lang='lat' dir='ltr'><strong>potest</strong></span> <span class='ocrx_word' id='word_1_100' title='bbox 2452 1528 2577 1594; x_wconf 90' lang='lat' dir='ltr'><strong>du-</strong></span> 
     </span>
     <span class='ocr_line' id='line_1_12' title="bbox 212 1618 2577 1714; baseline 0.001 -19"><span class='ocrx_word' id='word_1_101' title='bbox 212 1629 442 1695; x_wconf 83' lang='lat' dir='ltr'><strong>bitari.</strong></span> <span class='ocrx_word' id='word_1_102' title='bbox 527 1623 859 1711; x_wconf 82' lang='lat' dir='ltr'><strong>Exempla</strong></span> <span class='ocrx_word' id='word_1_103' title='bbox 890 1634 1050 1687; x_wconf 77' lang='lat' dir='ltr'><strong>vero</strong></span> <span class='ocrx_word' id='word_1_104' title='bbox 1080 1618 1542 1708; x_wconf 80' lang='lat' dir='ltr'><strong>Kriigerianae</strong></span> <span class='ocrx_word' id='word_1_105' title='bbox 1572 1625 2044 1708; x_wconf 80' lang='lat' dir='ltr'><strong>grammaticae</strong></span> <span class='ocrx_word' id='word_1_106' title='bbox 2074 1625 2163 1690; x_wconf 88' lang='lat' dir='ltr'><strong>ad</strong></span> <span class='ocrx_word' id='word_1_107' title='bbox 2195 1629 2390 1714; x_wconf 81' lang='lat' dir='ltr'><strong>cujus</strong></span> <span class='ocrx_word' id='word_1_108' title='bbox 2417 1634 2577 1698; x_wconf 63' lang='lat' dir='ltr'><strong>‘toma</strong></span> 
     </span>
     <span class='ocr_line' id='line_1_13' title="bbox 214 1723 2579 1813; baseline 0.001 -14"><span class='ocrx_word' id='word_1_109' title='bbox 214 1734 327 1807; x_wconf 87' lang='lat' dir='ltr'><strong>n.,</strong></span> <span class='ocrx_word' id='word_1_110' title='bbox 359 1738 411 1811; x_wconf 72' lang='lat' dir='ltr'><strong>S.</strong></span> <span class='ocrx_word' id='word_1_111' title='bbox 440 1728 540 1806; x_wconf 87' lang='lat'><strong>46,</strong></span> <span class='ocrx_word' id='word_1_112' title='bbox 576 1729 632 1806; x_wconf 94' lang='lat'><strong>1,</strong></span> <span class='ocrx_word' id='word_1_113' title='bbox 669 1727 891 1792; x_wconf 84' lang='lat' dir='ltr'><strong>adnot.</strong></span> <span class='ocrx_word' id='word_1_114' title='bbox 923 1726 977 1791; x_wconf 86' lang='lat'><strong>3.</strong></span> <span class='ocrx_word' id='word_1_115' title='bbox 1065 1723 1619 1789; x_wconf 81' lang='lat' dir='ltr'><strong>Schneidewinus</strong></span> <span class='ocrx_word' id='word_1_116' title='bbox 1660 1726 1934 1813; x_wconf 83' lang='lat' dir='ltr'><strong>relegat,</strong></span> <span class='ocrx_word' id='word_1_117' title='bbox 1980 1728 2172 1793; x_wconf 86' lang='lat' dir='ltr'><strong>aliter</strong></span> <span class='ocrx_word' id='word_1_118' title='bbox 2209 1751 2286 1794; x_wconf 85' lang='lat' dir='ltr'><strong>se</strong></span> <span class='ocrx_word' id='word_1_119' title='bbox 2324 1731 2579 1801; x_wconf 85' lang='lat' dir='ltr'><strong>habent</strong></span> 
     </span>
     <span class='ocr_line' id='line_1_14' title="bbox 225 1818 2570 1920; baseline 0.001 -21"><span class='ocrx_word' id='word_1_120' title='bbox 225 1834 463 1900; x_wconf 87' lang='lat' dir='ltr'><strong>omnia.</strong></span> <span class='ocrx_word' id='word_1_121' title='bbox 548 1830 689 1898; x_wconf 74' lang='lat' dir='ltr'><strong>Sed</strong></span> <span class='ocrx_word' id='word_1_122' title='bbox 719 1850 921 1918; x_wconf 83' lang='lat' dir='ltr'><strong>quam</strong></span> <span class='ocrx_word' id='word_1_123' title='bbox 954 1828 1042 1893; x_wconf 89' lang='lat' dir='ltr'><strong>ob</strong></span> <span class='ocrx_word' id='word_1_124' title='bbox 1075 1842 1347 1895; x_wconf 82' lang='lat' dir='ltr'><strong>causam</strong></span> <span class='ocrx_word' id='word_1_125' title='bbox 1374 1829 1794 1913; x_wconf 83' lang='lat' dir='ltr'><strong>interpretes·</strong></span> <span class='ocrx_word' id='word_1_126' title='bbox 1815 1830 1888 1895; x_wconf 83' lang='lat' dir='ltr'><strong>id</strong></span> <span class='ocrx_word' id='word_1_127' title='bbox 1932 1818 2119 1918; x_wconf 73' lang='lat' dir='ltr'><strong>quod</strong></span> <span class='ocrx_word' id='word_1_128' title='bbox 2161 1832 2570 1920; x_wconf 81' lang='lat' dir='ltr'><strong>simplicissi-</strong></span> 
     </span>
     <span class='ocr_line' id='line_1_15' title="bbox 223 1929 2574 2021; baseline 0.002 -20"><span class='ocrx_word' id='word_1_129' title='bbox 223 1950 406 2003; x_wconf 85' lang='lat' dir='ltr'><strong>mum</strong></span> <span class='ocrx_word' id='word_1_130' title='bbox 437 1943 540 2001; x_wconf 85' lang='lat' dir='ltr'><strong>est</strong></span> <span class='ocrx_word' id='word_1_131' title='bbox 568 1936 886 2021; x_wconf 85' lang='lat' dir='ltr'><strong>ultroque</strong></span> <span class='ocrx_word' id='word_1_132' title='bbox 917 1953 990 1996; x_wconf 90' lang='lat' dir='ltr'><strong>se</strong></span> <span class='ocrx_word' id='word_1_133' title='bbox 1021 1930 1215 1996; x_wconf 71' lang='lat' dir='ltr'><strong>offert</strong></span> <span class='ocrx_word' id='word_1_134' title='bbox 1241 1929 1412 1994; x_wconf 79' lang='lat' dir='ltr'><strong>h&#39;aec</strong></span> <span class='ocrx_word' id='word_1_135' title='bbox 1439 1930 1686 2017; x_wconf 82' lang='lat' dir='ltr'><strong>legenti</strong></span> <span class='ocrx_word' id='word_1_136' title='bbox 1714 1932 1824 2000; x_wconf 75' lang='lat' dir='ltr'><strong>vel</strong></span> <span class='ocrx_word' id='word_1_137' title='bbox 1851 1935 2168 2011; x_wconf 81' lang='lat' dir='ltr'><strong>audienti,</strong></span> <span class='ocrx_word' id='word_1_138' title='bbox 2184 1940 2574 2021; x_wconf 71' lang='lat' dir='ltr'><strong>spreverint,</strong></span> 
     </span>
     <span class='ocr_line' id='line_1_16' title="bbox 220 2033 2582 2125; baseline 0.001 -19"><span class='ocrx_word' id='word_1_139' title='bbox 220 2048 368 2106; x_wconf 72' lang='lat' dir='ltr'><strong>nen</strong></span> <span class='ocrx_word' id='word_1_140' title='bbox 425 2034 749 2125; x_wconf 81' lang='lat' dir='ltr'><strong>intelligo,</strong></span> <span class='ocrx_word' id='word_1_141' title='bbox 839 2037 974 2102; x_wconf 86' lang='lat' dir='ltr'><strong>Cur</strong></span> <span class='ocrx_word' id='word_1_142' title='bbox 1026 2034 1200 2098; x_wconf 88' lang='lat' dir='ltr'><strong>enim</strong></span> <span class='ocrx_word' id='word_1_143' title='bbox 1252 2033 1617 2120; x_wconf 77' lang='lat' dir='ltr'><strong>genitivum</strong></span> <span class='ocrx_word' id='word_1_144' title='bbox 1664 2036 1858 2104; x_wconf 78' lang='grc' dir='ltr'>ἑστίας</span> <span class='ocrx_word' id='word_1_145' title='bbox 1902 2056 2042 2100; x_wconf 89' lang='lat' dir='ltr'><strong>non</strong></span> <span class='ocrx_word' id='word_1_146' title='bbox 2088 2038 2582 2124; x_wconf 60' lang='lat' dir='ltr'><strong>conjunxerunt</strong></span> 
     </span>
     <span class='ocr_line' id='line_1_17' title="bbox 218 2128 2577 2231; baseline 0.001 -23"><span class='ocrx_word' id='word_1_147' title='bbox 218 2160 379 2209; x_wconf 77' lang='lat' dir='ltr'><strong>‘cum</strong></span> <span class='ocrx_word' id='word_1_148' title='bbox 408 2160 585 2207; x_wconf 81' lang='lat' dir='ltr'><strong>‘voce</strong></span> <span class='ocrx_word' id='word_1_149' title='bbox 629 2160 803 2227; x_wconf 89' lang='lat' dir='ltr'><strong>quae</strong></span> <span class='ocrx_word' id='word_1_150' title='bbox 846 2147 950 2205; x_wconf 88' lang='lat' dir='ltr'><strong>est</strong></span> <span class='ocrx_word' id='word_1_151' title='bbox 994 2139 1202 2223; x_wconf 64' lang='grc' dir='ltr'><strong>μῆλαῖ)</strong></span> <span class='ocrx_word' id='word_1_152' title='bbox 1260 2128 1374 2201; x_wconf 76' lang='lat' dir='ltr'><strong>&#39;Sic</strong></span> <span class='ocrx_word' id='word_1_153' title='bbox 1434 2145 1963 2205; x_wconf 79' lang='lat' dir='ltr'><strong>construxerunt</strong></span> <span class='ocrx_word' id='word_1_154' title='bbox 2004 2140 2069 2205; x_wconf 80' lang='lat' dir='ltr'><strong>C.</strong></span> <span class='ocrx_word' id='word_1_155' title='bbox 2117 2139 2190 2205; x_wconf 79' lang='lat' dir='ltr'><strong>G.</strong></span> <span class='ocrx_word' id='word_1_156' title='bbox 2234 2140 2577 2231; x_wconf 74' lang='lat' dir='ltr'><strong>Hauptius</strong></span> 
     </span>
     <span class='ocr_line' id='line_1_18' title="bbox 226 2230 2576 2339; baseline 0.003 -30"><span class='ocrx_word' id='word_1_157' title='bbox 226 2242 666 2331; x_wconf 85' lang='lat' dir='ltr'><strong>(‚‚penetralis</strong></span> <span class='ocrx_word' id='word_1_158' title='bbox 698 2230 1003 2306; x_wconf 79' lang='lat' dir='ltr'><strong>saci-ifioii</strong></span> <span class='ocrx_word' id='word_1_159' title='bbox 1032 2241 1408 2324; x_wconf 78' lang='lat' dir='ltr'><strong>victimae‘·)</strong></span> <span class='ocrx_word' id='word_1_160' title='bbox 1440 2246 1509 2303; x_wconf 92' lang='lat' dir='ltr'><strong>et</strong></span> <span class='ocrx_word' id='word_1_161' title='bbox 1536 2239 1785 2305; x_wconf 89' lang='lat' dir='ltr'><strong>Peilius</strong></span> <span class='ocrx_word' id='word_1_162' title='bbox 1816 2241 1999 2325; x_wconf 86' lang='lat' dir='ltr'><strong>(„the</strong></span> <span class='ocrx_word' id='word_1_163' title='bbox 2028 2242 2293 2308; x_wconf 85' lang='lat' dir='ltr'><strong>victims</strong></span> <span class='ocrx_word' id='word_1_164' title='bbox 2321 2246 2432 2339; x_wconf 45' lang='lat' dir='ltr'><strong>bf„</strong></span> <span class='ocrx_word' id='word_1_165' title='bbox 2453 2249 2493 2314; x_wconf 83' lang='lat' dir='ltr'><strong>i.</strong></span> <span class='ocrx_word' id='word_1_166' title='bbox 2527 2272 2576 2316; x_wconf 89' lang='lat' dir='ltr'><strong>e.</strong></span> 
     </span>
     <span class='ocr_line' id='line_1_19' title="bbox 234 2341 2578 2430; baseline 0.003 -20"><span class='ocrx_word' id='word_1_167' title='bbox 234 2343 531 2410; x_wconf 78' lang='lat' dir='ltr'><strong>devoted</strong></span> <span class='ocrx_word' id='word_1_168' title='bbox 560 2350 657 2417; x_wconf 65' lang='lat' dir='ltr'><strong>vo,</strong></span> <span class='ocrx_word' id='word_1_169' title='bbox 697 2342 813 2407; x_wconf 85' lang='lat' dir='ltr'><strong>the</strong></span> <span class='ocrx_word' id='word_1_170' title='bbox 855 2343 1104 2410; x_wconf 81' lang='lat' dir='ltr'><strong>central</strong></span> <span class='ocrx_word' id='word_1_171' title='bbox 1133 2341 1476 2421; x_wconf 79' lang='lat' dir='ltr'><strong>Hearth“).</strong></span> <span class='ocrx_word' id='word_1_172' title='bbox 1567 2342 1747 2408; x_wconf 83' lang='lat' dir='ltr'><strong>Oves</strong></span> <span class='ocrx_word' id='word_1_173' title='bbox 1788 2362 1963 2430; x_wconf 78' lang='lat' dir='ltr'><strong>quae</strong></span> <span class='ocrx_word' id='word_1_174' title='bbox 2003 2344 2160 2410; x_wconf 69' lang='lat' dir='ltr'><strong>ioco</strong></span> <span class='ocrx_word' id='word_1_175' title='bbox 2205 2346 2578 2417; x_wconf 74' lang='lat' dir='ltr'><strong>destinatae</strong></span> 
     </span>
     <span class='ocr_line' id='line_1_20' title="bbox 234 2438 2574 2537; baseline 0.003 -24"><span class='ocrx_word' id='word_1_176' title='bbox 234 2455 412 2524; x_wconf 90' lang='lat' dir='ltr'><strong>sunt,</strong></span> <span class='ocrx_word' id='word_1_177' title='bbox 457 2454 534 2512; x_wconf 87' lang='lat' dir='ltr'><strong>ut</strong></span> <span class='ocrx_word' id='word_1_178' title='bbox 562 2446 634 2510; x_wconf 91' lang='lat' dir='ltr'><strong>in</strong></span> <span class='ocrx_word' id='word_1_179' title='bbox 663 2452 744 2511; x_wconf 82' lang='lat' dir='ltr'><strong>&#39;eo</strong></span> <span class='ocrx_word' id='word_1_180' title='bbox 773 2446 1286 2523; x_wconf 82' lang='lat' dir='ltr'><strong>immolarentur,</strong></span> <span class='ocrx_word' id='word_1_181' title='bbox 1326 2463 1466 2509; x_wconf 87' lang='lat' dir='ltr'><strong>non</strong></span> <span class='ocrx_word' id='word_1_182' title='bbox 1507 2447 1603 2537; x_wconf 79' lang='lat' dir='ltr'><strong>ita</strong></span> <span class='ocrx_word' id='word_1_183' title='bbox 1642 2467 1887 2535; x_wconf 82' lang='lat' dir='ltr'><strong>magna</strong></span> <span class='ocrx_word' id='word_1_184' title='bbox 1917 2438 2202 2513; x_wconf 84' lang='lat' dir='ltr'><strong>audacia</strong></span> <span class='ocrx_word' id='word_1_185' title='bbox 2240 2452 2350 2516; x_wconf 78' lang='lat' dir='ltr'><strong>vel</strong></span> <span class='ocrx_word' id='word_1_186' title='bbox 2390 2455 2574 2520; x_wconf 80' lang='lat' dir='ltr'><strong>inso-</strong></span> 
     </span>
     <span class='ocr_line' id='line_1_21' title="bbox 228 2521 2575 2638; baseline 0.003 -22"><span class='ocrx_word' id='word_1_187' title='bbox 228 2521 437 2638; x_wconf 50' lang='lat' dir='ltr'><strong>lenita</strong></span> <span class='ocrx_word' id='word_1_188' title='bbox 481 2554 644 2635; x_wconf 80' lang='grc' dir='ltr'>μῆλα</span> <span class='ocrx_word' id='word_1_189' title='bbox 676 2551 867 2619; x_wconf 78' lang='grc' dir='ltr'><strong><em>ἑστίας</em></strong></span> <span class='ocrx_word' id='word_1_190' title='bbox 899 2533 1241 2637; x_wconf 54' lang='lat' dir='ltr'><strong>&#39;appellari</strong></span> <span class='ocrx_word' id='word_1_191' title='bbox 1287 2548 1623 2628; x_wconf 82' lang='lat' dir='ltr'><strong>existim03</strong></span> <span class='ocrx_word' id='word_1_192' title='bbox 1685 2562 1862 2615; x_wconf 86' lang='lat' dir='ltr'><strong>certe</strong></span> <span class='ocrx_word' id='word_1_193' title='bbox 1903 2550 2038 2615; x_wconf 87' lang='lat' dir='ltr'><strong>hoc</strong></span> <span class='ocrx_word' id='word_1_194' title='bbox 2081 2552 2299 2618; x_wconf 81' lang='lat' dir='ltr'><strong>minus</strong></span> <span class='ocrx_word' id='word_1_195' title='bbox 2346 2558 2575 2623; x_wconf 82' lang='lat' dir='ltr'><strong>audax</strong></span> 
     </span>
     <span class='ocr_line' id='line_1_22' title="bbox 228 2643 2574 2741; baseline 0.004 -23"><span class='ocrx_word' id='word_1_196' title='bbox 228 2661 348 2729; x_wconf 81' lang='lat' dir='ltr'><strong>est,</strong></span> <span class='ocrx_word' id='word_1_197' title='bbox 395 2661 597 2741; x_wconf 72' lang='lat' dir='ltr'><strong>q&#39;uam</strong></span> <span class='ocrx_word' id='word_1_198' title='bbox 639 2652 758 2718; x_wconf 79' lang='lat' dir='ltr'><strong>illa</strong></span> <span class='ocrx_word' id='word_1_199' title='bbox 789 2653 1143 2740; x_wconf 82' lang='lat' dir='ltr'><strong>junctura:</strong></span> <span class='ocrx_word' id='word_1_200' title='bbox 1189 2653 1455 2739; x_wconf 57' lang='grc' dir='ltr'>ἕστηκεν,</span> <span class='ocrx_word' id='word_1_201' title='bbox 1481 2643 1691 2722; x_wconf 80' lang='grc' dir='ltr'>ἑστίοῖς.</span> <span class='ocrx_word' id='word_1_202' title='bbox 1778 2649 1939 2719; x_wconf 87' lang='lat' dir='ltr'><strong>Non</strong></span> <span class='ocrx_word' id='word_1_203' title='bbox 1980 2675 2143 2720; x_wconf 86' lang='lat' dir='ltr'><strong>vero</strong></span> <span class='ocrx_word' id='word_1_204' title='bbox 2188 2667 2335 2723; x_wconf 84' lang='lat' dir='ltr'><strong>cu&#39;m</strong></span> <span class='ocrx_word' id='word_1_205' title='bbox 2369 2660 2442 2725; x_wconf 62' lang='lat' dir='ltr'><strong>Q</strong></span> <span class='ocrx_word' id='word_1_206' title='bbox 2461 2660 2574 2730; x_wconf 75' lang='lat' dir='ltr'><strong>Fr.</strong></span> 
     </span>
     <span class='ocr_line' id='line_1_23' title="bbox 228 2754 2571 2843; baseline 0.003 -21"><span class='ocrx_word' id='word_1_207' title='bbox 228 2757 613 2822; x_wconf 83' lang='lat' dir='ltr'><strong>Hermanno</strong></span> <span class='ocrx_word' id='word_1_208' title='bbox 646 2757 873 2843; x_wconf 87' lang='lat' dir='ltr'><strong>(antiq.</strong></span> <span class='ocrx_word' id='word_1_209' title='bbox 904 2756 1136 2821; x_wconf 80' lang='lat' dir='ltr'><strong>Graec.</strong></span> <span class='ocrx_word' id='word_1_210' title='bbox 1168 2777 1334 2822; x_wconf 85' lang='lat' dir='ltr'><strong>sacr.</strong></span> <span class='ocrx_word' id='word_1_211' title='bbox 1364 2757 1417 2842; x_wconf 64' lang='grc' dir='ltr'><strong>ἕ.</strong></span> <span class='ocrx_word' id='word_1_212' title='bbox 1452 2755 1552 2834; x_wconf 85' lang='grc'><strong>15,</strong></span> <span class='ocrx_word' id='word_1_213' title='bbox 1586 2756 1810 2821; x_wconf 83' lang='lat' dir='ltr'><strong>adnot.</strong></span> <span class='ocrx_word' id='word_1_214' title='bbox 1846 2756 1922 2841; x_wconf 86' lang='lat'><strong>1).</strong></span> <span class='ocrx_word' id='word_1_215' title='bbox 1993 2754 2237 2828; x_wconf 87' lang='grc' dir='ltr'>Ἑστίας</span> <span class='ocrx_word' id='word_1_216' title='bbox 2266 2762 2571 2842; x_wconf 82' lang='lat' dir='ltr'><strong>scribam,</strong></span> 
     </span>
     <span class='ocr_line' id='line_1_24' title="bbox 195 2849 2573 2949; baseline 0.003 -24"><span class='ocrx_word' id='word_1_217' title='bbox 195 2849 310 2926; x_wconf 68' lang='lat' dir='ltr'><strong>‘ut</strong></span> <span class='ocrx_word' id='word_1_218' title='bbox 347 2869 589 2926; x_wconf 84' lang='lat' dir='ltr'><strong>nomen</strong></span> <span class='ocrx_word' id='word_1_219' title='bbox 633 2861 981 2947; x_wconf 84' lang='lat' dir='ltr'><strong>proprium</strong></span> <span class='ocrx_word' id='word_1_220' title='bbox 1020 2858 1205 2923; x_wconf 87' lang='lat' dir='ltr'><strong>Deae</strong></span> <span class='ocrx_word' id='word_1_221' title='bbox 1247 2858 1368 2937; x_wconf 84' lang='lat' dir='ltr'><strong>sit3</strong></span> <span class='ocrx_word' id='word_1_222' title='bbox 1409 2869 1565 2923; x_wconf 83' lang='lat' dir='ltr'><strong>nam</strong></span> <span class='ocrx_word' id='word_1_223' title='bbox 1608 2858 2005 2924; x_wconf 82' lang='lat' dir='ltr'><strong>sacrificium</strong></span> <span class='ocrx_word' id='word_1_224' title='bbox 2048 2859 2133 2926; x_wconf 91' lang='lat' dir='ltr'><strong>de</strong></span> <span class='ocrx_word' id='word_1_225' title='bbox 2176 2881 2313 2949; x_wconf 85' lang='lat' dir='ltr'><strong>quo</strong></span> <span class='ocrx_word' id='word_1_226' title='bbox 2354 2886 2573 2932; x_wconf 82' lang='lat' dir='ltr'><strong>sermo</strong></span> 
     </span>
     <span class='ocr_line' id='line_1_25' title="bbox 236 2959 2575 3055; baseline 0.003 -28"><span class='ocrx_word' id='word_1_227' title='bbox 236 2971 352 3040; x_wconf 85' lang='lat' dir='ltr'><strong>est,</strong></span> <span class='ocrx_word' id='word_1_228' title='bbox 383 2983 517 3028; x_wconf 84' lang='lat' dir='ltr'><strong>non</strong></span> <span class='ocrx_word' id='word_1_229' title='bbox 546 2960 818 3040; x_wconf 78' lang='lat' dir='ltr'><strong>Vestae,</strong></span> <span class='ocrx_word' id='word_1_230' title='bbox 864 2962 1006 3037; x_wconf 85' lang='lat' dir='ltr'><strong>sed,</strong></span> <span class='ocrx_word' id='word_1_231' title='bbox 1050 2969 1127 3027; x_wconf 89' lang='lat' dir='ltr'><strong>ut</strong></span> <span class='ocrx_word' id='word_1_232' title='bbox 1166 2981 1292 3047; x_wconf 84' lang='lat' dir='ltr'><strong>par</strong></span> <span class='ocrx_word' id='word_1_233' title='bbox 1334 2967 1493 3037; x_wconf 79' lang='lat' dir='ltr'><strong>erat,</strong></span> <span class='ocrx_word' id='word_1_234' title='bbox 1537 2959 1695 3026; x_wconf 85' lang='lat' dir='ltr'><strong>Jovi</strong></span> <span class='ocrx_word' id='word_1_235' title='bbox 1736 2962 1945 3050; x_wconf 77' lang='grc' dir='ltr'>ἑρκείῳ</span> <span class='ocrx_word' id='word_1_236' title='bbox 1975 2971 2042 3029; x_wconf 91' lang='lat' dir='ltr'><strong>et</strong></span> <span class='ocrx_word' id='word_1_237' title='bbox 2069 2966 2234 3034; x_wconf 79' lang='grc' dir='ltr'>θεοῖς</span> <span class='ocrx_word' id='word_1_238' title='bbox 2264 2967 2575 3055; x_wconf 77' lang='grc' dir='ltr'><strong>ἐγχωρίοις</strong></span> 
     </span>
     <span class='ocr_line' id='line_1_26' title="bbox 238 3064 2576 3160; baseline -0.002 -28"><span class='ocrx_word' id='word_1_239' title='bbox 238 3064 634 3132; x_wconf 77' lang='lat' dir='ltr'><strong>oflerebatur</strong></span> <span class='ocrx_word' id='word_1_240' title='bbox 676 3065 781 3152; x_wconf 80' lang='lat' dir='ltr'><strong>(cf.</strong></span> <span class='ocrx_word' id='word_1_241' title='bbox 809 3088 906 3132; x_wconf 75' lang='lat' dir='ltr'><strong>vs,</strong></span> <span class='ocrx_word' id='word_1_242' title='bbox 936 3065 1063 3131; x_wconf 87' lang='grc'><strong>819</strong></span> <span class='ocrx_word' id='word_1_243' title='bbox 1107 3066 1300 3130; x_wconf 84' lang='grc' dir='ltr'>θεοῖσι</span> <span class='ocrx_word' id='word_1_244' title='bbox 1328 3068 1536 3152; x_wconf 86' lang='grc' dir='ltr'>πρῶτα</span> <span class='ocrx_word' id='word_1_245' title='bbox 1565 3064 1941 3152; x_wconf 79' lang='grc' dir='ltr'>δεξιώσομαι,</span> <span class='ocrx_word' id='word_1_246' title='bbox 1986 3069 2150 3156; x_wconf 68' lang='grc' dir='ltr'>οἵπερ</span> <span class='ocrx_word' id='word_1_247' title='bbox 2192 3070 2400 3158; x_wconf 65' lang='grc' dir='ltr'>πράσῳ</span> <span class='ocrx_word' id='word_1_248' title='bbox 2430 3075 2576 3160; x_wconf 80' lang='grc' dir='ltr'>πέμ.</span> 
     </span>
     <span class='ocr_line' id='line_1_27' title="bbox 237 3171 939 3256; baseline 0.003 -21"><span class='ocrx_word' id='word_1_249' title='bbox 237 3176 441 3256; x_wconf 74' lang='grc' dir='ltr'>ψαντες</span> <span class='ocrx_word' id='word_1_250' title='bbox 468 3171 692 3256; x_wconf 81' lang='grc' dir='ltr'><strong>ἤγαγον</strong></span> <span class='ocrx_word' id='word_1_251' title='bbox 721 3172 939 3249; x_wconf 80' lang='grc' dir='ltr'>πάλιν).</span> 
     </span>
    </p>

    <p class='ocr_par' dir='ltr' id='par_1_3' title="bbox 236 3271 2571 3772">
     <span class='ocr_line' id='line_1_28' title="bbox 392 3271 2571 3369; baseline 0.004 -30"><span class='ocrx_word' id='word_1_252' title='bbox 392 3272 648 3351; x_wconf 82' lang='lat' dir='ltr'><strong>Restat,</strong></span> <span class='ocrx_word' id='word_1_253' title='bbox 694 3281 771 3339; x_wconf 86' lang='lat' dir='ltr'><strong>ut</strong></span> <span class='ocrx_word' id='word_1_254' title='bbox 814 3272 1101 3351; x_wconf 78' lang='lat' dir='ltr'><strong>dicatur.</strong></span> <span class='ocrx_word' id='word_1_255' title='bbox 1147 3272 1232 3338; x_wconf 91' lang='lat' dir='ltr'><strong>de</strong></span> <span class='ocrx_word' id='word_1_256' title='bbox 1272 3271 1492 3338; x_wconf 76' lang='lat' dir='ltr'><strong>verbis</strong></span> <span class='ocrx_word' id='word_1_257' title='bbox 1522 3272 1669 3359; x_wconf 82' lang='grc' dir='ltr'>’πρός</span> <span class='ocrx_word' id='word_1_258' title='bbox 1700 3274 1934 3360; x_wconf 82' lang='grc' dir='ltr'>σφαγὰς</span> <span class='ocrx_word' id='word_1_259' title='bbox 1962 3277 2167 3364; x_wconf 60' lang='grc' dir='ltr'>πυρός,</span> <span class='ocrx_word' id='word_1_260' title='bbox 2208 3277 2294 3342; x_wconf 88' lang='lat' dir='ltr'><strong>in·</strong></span> <span class='ocrx_word' id='word_1_261' title='bbox 2324 3280 2571 3369; x_wconf 87' lang='lat' dir='ltr'><strong>quibus</strong></span> 
     </span>
     <span class='ocr_line' id='line_1_29' title="bbox 240 3376 2569 3463; baseline 0.005 -23"><span class='ocrx_word' id='word_1_262' title='bbox 240 3376 677 3463; x_wconf 76' lang='lat' dir='ltr'><strong>corruptelam</strong></span> <span class='ocrx_word' id='word_1_263' title='bbox 705 3377 929 3442; x_wconf 82' lang='lat' dir='ltr'><strong>inesse</strong></span> <span class='ocrx_word' id='word_1_264' title='bbox 955 3393 1138 3442; x_wconf 86' lang='lat' dir='ltr'><strong>nunc</strong></span> <span class='ocrx_word' id='word_1_265' title='bbox 1182 3393 1410 3441; x_wconf 82' lang='lat' dir='ltr'><strong>omnes</strong></span> <span class='ocrx_word' id='word_1_266' title='bbox 1455 3376 1854 3445; x_wconf 81' lang='lat' dir='ltr'><strong>concedunt.</strong></span> <span class='ocrx_word' id='word_1_267' title='bbox 1943 3377 2300 3446; x_wconf 76' lang='lat' dir='ltr'><strong>Editor-um</strong></span> <span class='ocrx_word' id='word_1_268' title='bbox 2342 3383 2569 3450; x_wconf 85' lang='lat' dir='ltr'><strong>novis-</strong></span> 
     </span>
     <span class='ocr_line' id='line_1_30' title="bbox 239 3463 2568 3570; baseline 0.004 -28"><span class='ocrx_word' id='word_1_269' title='bbox 239 3477 542 3544; x_wconf 85' lang='lat' dir='ltr'><strong>simorum</strong></span> <span class='ocrx_word' id='word_1_270' title='bbox 576 3478 737 3552; x_wconf 84' lang='lat' dir='ltr'><strong>duc,</strong></span> <span class='ocrx_word' id='word_1_271' title='bbox 777 3463 1088 3567; x_wconf 80' lang='lat' dir='ltr'><strong>Engerus</strong></span> <span class='ocrx_word' id='word_1_272' title='bbox 1120 3488 1185 3545; x_wconf 87' lang='lat' dir='ltr'><strong>et</strong></span> <span class='ocrx_word' id='word_1_273' title='bbox 1212 3478 1610 3545; x_wconf 73' lang='lat' dir='ltr'><strong>Karstenus.</strong></span> <span class='ocrx_word' id='word_1_274' title='bbox 1655 3481 1802 3544; x_wconf 71' lang='lat' dir='ltr'><strong>cuin</strong></span> <span class='ocrx_word' id='word_1_275' title='bbox 1832 3480 2359 3570; x_wconf 70' lang='lat' dir='ltr'><strong>Plerisque-aliis</strong></span> <span class='ocrx_word' id='word_1_276' title='bbox 2387 3485 2568 3552; x_wconf 65' lang='lat' dir='ltr'><strong>iece-</strong></span> 
     </span>
     <span class='ocr_line' id='line_1_31' title="bbox 240 3576 2570 3678; baseline 0.004 -32"><span class='ocrx_word' id='word_1_277' title='bbox 240 3576 472 3668; x_wconf 79' lang='lat' dir='ltr'><strong>periint</strong></span> <span class='ocrx_word' id='word_1_278' title='bbox 498 3580 903 3647; x_wconf 75' lang='lat' dir='ltr'><strong>lenissimam</strong></span> <span class='ocrx_word' id='word_1_279' title='bbox 935 3582 1307 3668; x_wconf 84' lang='lat' dir='ltr'><strong>Musgravii</strong></span> <span class='ocrx_word' id='word_1_280' title='bbox 1339 3582 1810 3669; x_wconf 87' lang='lat' dir='ltr'><strong>conjecturam,</strong></span> <span class='ocrx_word' id='word_1_281' title='bbox 1844 3606 1969 3670; x_wconf 91' lang='lat' dir='ltr'><strong>pro</strong></span> <span class='ocrx_word' id='word_1_282' title='bbox 2000 3588 2187 3673; x_wconf 84' lang='grc' dir='ltr'>πυρὸς</span> <span class='ocrx_word' id='word_1_283' title='bbox 2215 3588 2570 3678; x_wconf 83' lang='lat' dir='ltr'><strong>scribentis</strong></span> 
     </span>
     <span class='ocr_line' id='line_1_32' title="bbox 236 3681 2357 3772; baseline 0.004 -25"><span class='ocrx_word' id='word_1_284' title='bbox 236 3685 428 3770; x_wconf 78' lang='grc' dir='ltr'>πάρος,</span> <span class='ocrx_word' id='word_1_285' title='bbox 460 3682 653 3771; x_wconf 90' lang='lat' dir='ltr'><strong>quod</strong></span> <span class='ocrx_word' id='word_1_286' title='bbox 682 3681 770 3746; x_wconf 86' lang='lat' dir='ltr'><strong>ad</strong></span> <span class='ocrx_word' id='word_1_287' title='bbox 802 3683 1168 3770; x_wconf 87' lang='lat' dir='ltr'><strong>genitivum</strong></span> <span class='ocrx_word' id='word_1_288' title='bbox 1200 3687 1393 3755; x_wconf 77' lang='grc' dir='ltr'>ἑστίας</span> <span class='ocrx_word' id='word_1_289' title='bbox 1424 3688 1816 3772; x_wconf 72' lang='grc' dir='ltr'><strong>μεσομφάλου</strong></span> <span class='ocrx_word' id='word_1_290' title='bbox 1845 3687 2075 3753; x_wconf 84' lang='lat' dir='ltr'><strong>referri</strong></span> <span class='ocrx_word' id='word_1_291' title='bbox 2105 3689 2357 3756; x_wconf 84' lang='lat' dir='ltr'><strong>volunt.</strong></span> 
     </span>
    </p>

    <p class='ocr_par' dir='ltr' id='par_1_4' title="bbox 240 3786 2568 4313">
     <span class='ocr_line' id='line_1_33' title="bbox 392 3786 2568 3877; baseline 0.005 -26"><span class='ocrx_word' id='word_1_292' title='bbox 392 3786 485 3851; x_wconf 80' lang='lat' dir='ltr'><strong>At</strong></span> <span class='ocrx_word' id='word_1_293' title='bbox 527 3786 812 3873; x_wconf 79' lang='lat' dir='ltr'><strong>primum</strong></span> <span class='ocrx_word' id='word_1_294' title='bbox 869 3808 1004 3851; x_wconf 89' lang='lat' dir='ltr'><strong>non</strong></span> <span class='ocrx_word' id='word_1_295' title='bbox 1059 3807 1237 3873; x_wconf 87' lang='lat' dir='ltr'><strong>opus</strong></span> <span class='ocrx_word' id='word_1_296' title='bbox 1288 3795 1408 3864; x_wconf 88' lang='lat' dir='ltr'><strong>est,</strong></span> <span class='ocrx_word' id='word_1_297' title='bbox 1467 3788 1578 3854; x_wconf 88' lang='lat' dir='ltr'><strong>hic</strong></span> <span class='ocrx_word' id='word_1_298' title='bbox 1634 3788 1893 3877; x_wconf 82' lang='lat' dir='ltr'><strong>aliquid</strong></span> <span class='ocrx_word' id='word_1_299' title='bbox 1936 3811 2191 3876; x_wconf 87' lang='lat' dir='ltr'><strong>ponere</strong></span> <span class='ocrx_word' id='word_1_300' title='bbox 2231 3791 2413 3860; x_wconf 86' lang='lat' dir='ltr'><strong>unde</strong></span> <span class='ocrx_word' id='word_1_301' title='bbox 2455 3795 2568 3861; x_wconf 86' lang='lat' dir='ltr'><strong>ille</strong></span> 
     </span>
     <span class='ocr_line' id='line_1_34' title="bbox 241 3889 2568 3984; baseline 0.005 -32"><span class='ocrx_word' id='word_1_302' title='bbox 241 3889 562 3977; x_wconf 75' lang='lat' dir='ltr'><strong>genitivus</strong></span> <span class='ocrx_word' id='word_1_303' title='bbox 605 3890 918 3975; x_wconf 89' lang='lat' dir='ltr'><strong>pendeat,</strong></span> <span class='ocrx_word' id='word_1_304' title='bbox 967 3909 1161 3975; x_wconf 87' lang='lat' dir='ltr'><strong>quern</strong></span> <span class='ocrx_word' id='word_1_305' title='bbox 1208 3899 1364 3976; x_wconf 84' lang='lat' dir='ltr'><strong>apte</strong></span> <span class='ocrx_word' id='word_1_306' title='bbox 1400 3913 1550 3956; x_wconf 90' lang='lat' dir='ltr'><strong>cum</strong></span> <span class='ocrx_word' id='word_1_307' title='bbox 1579 3913 1749 3957; x_wconf 85' lang='lat' dir='ltr'><strong>voce</strong></span> <span class='ocrx_word' id='word_1_308' title='bbox 1792 3895 1954 3979; x_wconf 77' lang='grc' dir='ltr'>μῆλα</span> <span class='ocrx_word' id='word_1_309' title='bbox 2000 3895 2319 3983; x_wconf 82' lang='lat' dir='ltr'><strong>conjungi</strong></span> <span class='ocrx_word' id='word_1_310' title='bbox 2364 3920 2568 3984; x_wconf 87' lang='lat' dir='ltr'><strong>posse</strong></span> 
     </span>
     <span class='ocr_line' id='line_1_35' title="bbox 240 3990 2567 4086; baseline 0.005 -30"><span class='ocrx_word' id='word_1_311' title='bbox 240 3990 429 4056; x_wconf 90' lang='lat' dir='ltr'><strong>modo</strong></span> <span class='ocrx_word' id='word_1_312' title='bbox 462 3994 847 4072; x_wconf 83' lang='lat' dir='ltr'><strong>statuimus3</strong></span> <span class='ocrx_word' id='word_1_313' title='bbox 893 4002 1032 4059; x_wconf 85' lang='lat' dir='ltr'><strong>tum</strong></span> <span class='ocrx_word' id='word_1_314' title='bbox 1075 4013 1234 4057; x_wconf 86' lang='lat' dir='ltr'><strong>vero</strong></span> <span class='ocrx_word' id='word_1_315' title='bbox 1281 3993 1434 4058; x_wconf 85' lang='lat' dir='ltr'><strong>talis</strong></span> <span class='ocrx_word' id='word_1_316' title='bbox 1477 3994 1836 4060; x_wconf 85' lang='lat' dir='ltr'><strong>verborum</strong></span> <span class='ocrx_word' id='word_1_317' title='bbox 1866 3995 2225 4065; x_wconf 86' lang='lat' dir='ltr'><strong>collocatio</strong></span> <span class='ocrx_word' id='word_1_318' title='bbox 2257 4000 2353 4080; x_wconf 81' lang='grc' dir='ltr'>(τὰ</span> <span class='ocrx_word' id='word_1_319' title='bbox 2384 4003 2487 4086; x_wconf 81' lang='grc' dir='ltr'><strong>μὲν</strong></span> <span class='ocrx_word' id='word_1_320' title='bbox 2518 4028 2567 4085; x_wconf 73' lang='grc' dir='ltr'><strong>γ.</strong></span> 
     </span>
     <span class='ocr_line' id='line_1_36' title="bbox 243 4095 2567 4191; baseline 0.005 -32"><span class='ocrx_word' id='word_1_321' title='bbox 243 4095 479 4161; x_wconf 82' lang='grc' dir='ltr'>ἑστίας</span> <span class='ocrx_word' id='word_1_322' title='bbox 509 4119 632 4178; x_wconf 78' lang='grc' dir='ltr'>μεσ.</span> <span class='ocrx_word' id='word_1_323' title='bbox 663 4097 782 4166; x_wconf 80' lang='grc' dir='ltr'>ἔστ.</span> <span class='ocrx_word' id='word_1_324' title='bbox 817 4099 935 4183; x_wconf 80' lang='grc' dir='ltr'><strong>ἤδη</strong></span> <span class='ocrx_word' id='word_1_325' title='bbox 969 4122 1024 4182; x_wconf 90' lang='grc' dir='ltr'><strong>μ.</strong></span> <span class='ocrx_word' id='word_1_326' title='bbox 1053 4120 1145 4182; x_wconf 85' lang='grc' dir='ltr'><strong>πρ.</strong></span> <span class='ocrx_word' id='word_1_327' title='bbox 1176 4119 1273 4181; x_wconf 86' lang='grc' dir='ltr'><strong>σφ.</strong></span> <span class='ocrx_word' id='word_1_328' title='bbox 1301 4098 1560 4183; x_wconf 80' lang='grc' dir='ltr'>πάρος)</span> <span class='ocrx_word' id='word_1_329' title='bbox 1592 4096 1854 4166; x_wconf 82' lang='lat' dir='ltr'><strong>admitti</strong></span> <span class='ocrx_word' id='word_1_330' title='bbox 1883 4100 2131 4188; x_wconf 90' lang='lat' dir='ltr'><strong>nequit.</strong></span> <span class='ocrx_word' id='word_1_331' title='bbox 2207 4101 2567 4191; x_wconf 86' lang='lat' dir='ltr'><strong>Comparat</strong></span> 
     </span>
     <span class='ocr_line' id='line_1_37' title="bbox 244 4175 2313 4313; baseline 0.003 -49"><span class='ocrx_word' id='word_1_332' title='bbox 244 4197 532 4288; x_wconf 84' lang='lat' dir='ltr'><strong>Engerus</strong></span> <span class='ocrx_word' id='word_1_333' title='bbox 562 4196 782 4264; x_wconf 89' lang='lat' dir='ltr'><strong>locum</strong></span> <span class='ocrx_word' id='word_1_334' title='bbox 815 4203 1028 4287; x_wconf 82' lang='lat' dir='ltr'><strong>Agam</strong></span> <span class='ocrx_word' id='word_1_335' title='bbox 1073 4221 1170 4268; x_wconf 88' lang='lat' dir='ltr'><strong>vs.</strong></span> <span class='ocrx_word' id='word_1_336' title='bbox 1209 4197 1372 4264; x_wconf 82' lang='lat'><strong>1227</strong></span> <span class='ocrx_word' id='word_1_337' title='bbox 1399 4198 1641 4275; x_wconf 77' lang='lat' dir='ltr'><strong>Herm,</strong></span> <span class='ocrx_word' id='word_1_338' title='bbox 1673 4175 2139 4274; x_wconf 61' lang='lat' dir='ltr'><strong>euom‘etssoa:</strong></span> <span class='ocrx_word' id='word_1_339' title='bbox 2169 4180 2313 4313; x_wconf 49' lang='grc' dir='ltr'><strong>διε-’με</strong></span> 
     </span>
    </p>

    <p class='ocr_par' dir='ltr' id='par_1_5' title="bbox 717 4303 2154 4569">
     <span class='ocr_line' id='line_1_38' title="bbox 717 4303 2033 4392; baseline 0.005 -27"><span class='ocrx_word' id='word_1_340' title='bbox 717 4303 824 4366; x_wconf 81' lang='grc' dir='ltr'><strong>κάν</strong></span> <span class='ocrx_word' id='word_1_341' title='bbox 855 4306 1052 4368; x_wconf 84' lang='grc' dir='ltr'>τοῖσδε</span> <span class='ocrx_word' id='word_1_342' title='bbox 1081 4303 1327 4388; x_wconf 80' lang='grc' dir='ltr'><strong>κόσμοις</strong></span> <span class='ocrx_word' id='word_1_343' title='bbox 1354 4306 1848 4392; x_wconf 78' lang='grc' dir='ltr'>καταγελωμένην</span> <span class='ocrx_word' id='word_1_344' title='bbox 1881 4308 2033 4391; x_wconf 77' lang='grc' dir='ltr'>μέγα</span> 
     </span>
     <span class='ocr_line' id='line_1_39' title="bbox 717 4406 2045 4498; baseline 0.003 -29"><span class='ocrx_word' id='word_1_345' title='bbox 717 4406 905 4491; x_wconf 82' lang='grc' dir='ltr'>φίλων</span> <span class='ocrx_word' id='word_1_346' title='bbox 938 4408 1275 4496; x_wconf 78' lang='grc' dir='ltr'>ὑπ’ἐχθρῶν</span> <span class='ocrx_word' id='word_1_347' title='bbox 1307 4408 1377 4472; x_wconf 81' lang='grc' dir='ltr'><strong>οὐ</strong></span> <span class='ocrx_word' id='word_1_348' title='bbox 1409 4408 1803 4498; x_wconf 81' lang='grc' dir='ltr'>διχορρόπως,</span> <span class='ocrx_word' id='word_1_349' title='bbox 1838 4413 2045 4496; x_wconf 82' lang='grc' dir='ltr'>μάτην,</span> 
     </span>
     <span class='ocr_line' id='line_1_40' title="bbox 2123 4517 2154 4569; baseline 0 0"><span class='ocrx_word' id='word_1_350' title='bbox 2123 4517 2154 4569; x_wconf 81' lang='lat'><strong>2</strong></span> 
     </span>
    </p>
   </div>
  </div>
 </body>
</html>
