3003 4880
1334 347 1522 431 23<

106 566 351 626 tanto·
398 578 661 648 opere
705 552 1014 636 extollat,
1060 564 1135 623 ut
1176 578 1319 623 eam
1359 557 1465 625 bis
1508 556 1698 625 vario
1729 553 1935 625 modo
1967 558 2324 648 exprimat,
2371 585 2563 653 prae-

109 663 385 729 sertim
423 663 1041 730 intercedentibus
1069 660 1292 728 verbis
1324 661 1441 747 ἐγὼ
1472 663 1525 726 δ’
1557 662 1659 745 ἅμ’
1691 663 1929 751 ἕψομαι.
1982 662 2335 732 Praeterea
2363 669 2421 734 si
2448 669 2565 736 illa

110 774 411 852 poetae
465 766 831 833 sententia
873 765 1145 842 fuisset,
1190 764 1577 856 credo-eum
1620 766 1950 834 dicturum
1980 766 2217 834 fuisse:
2265 758 2407 857 ἄτην
2440 772 2561 838 ἄντ’

122 870 292 955 ἐμοῦ
327 872 758 950 πλουτίζετε,
781 891 1003 958 neque
1025 891 1182 936 vero
1215 869 1446 956 ἄλλην
1498 869 1642 948 τιν’,
1685 870 1848 957 ἄτην·
1914 869 2017 937 De
2038 870 2317 937 Naeckii
2340 881 2561 941 autem

125 971 766 1060 interpretatione
810 975 953 1060 (qui
991 972 1184 1050 dicit,
1230 972 1677 1047 Cassandram
1719 996 1793 1039 se
1831 974 2050 1061 ipsam
2081 974 2244 1062 ἄτην,
2285 997 2551 1051 noxam,

135 1076 589 1164 appellare,
635 1075 955 1164 quoniam
985 1084 1214 1142 vatum
1247 1097 1325 1141 ea
1354 1098 1505 1142 sors
1535 1076 1641 1155 sit,
1673 1085 1752 1143 ut
1777 1076 1914 1164 ipsi
1941 1098 2159 1164 paene
2188 1100 2313 1165 pro
2348 1098 2554 1146 causa
2659 1156 2664 1161 ,

131 1179 524 1247 malorum
571 1200 747 1267 quae
769 1178 1178 1266 praedicant,
1209 1178 1612 1265 habeantur)
1643 1178 2004 1246 rectissime
2022 1180 2353 1268 judicavit
2377 1180 2548 1249 Her·

133 1302 498 1361 mannuS,
541 1305 602 1348 e.
634 1305 699 1351 v,
730 1303 790 1348 a.

330 1386 600 1469 Quum
633 1385 839 1473 igitur
865 1384 1104 1450 harum
1136 1383 1421 1451 duarum
1453 1385 1980 1473 explicationum
2005 1392 2361 1475 utramque
2382 1389 2549 1476 reje-

143 1489 516 1568 cerimus,
561 1487 721 1554 inde
751 1488 894 1576 jam
924 1487 1264 1574 sequitur,
1297 1487 1987 1556 Schneidewinianam
2020 1510 2295 1578 quoque
2325 1511 2365 1555 a
2394 1512 2550 1556 vero

143 1592 540 1671 aberrare,
588 1612 766 1679 quae
788 1592 873 1656 ex
893 1589 1027 1656 illis
1050 1590 1316 1656 duabus
1335 1598 1673 1679 tamquam
1687 1591 1897 1656 mixta
1920 1598 2038 1669 est,
2063 1591 2158 1656 ita
2169 1599 2247 1658 ut
2262 1592 2548 1661 Cassan·

154 1693 296 1760 dra
316 1695 548 1783 quasi
577 1693 775 1760 ludat
804 1692 1059 1780 duplici
1075 1693 1264 1760 vocis
1288 1715 1465 1781 quae
1489 1700 1593 1759 est
1620 1694 1762 1780 ἄτην
1786 1694 2289 1782 significatione.
2334 1693 2544 1782 Egre-

167 1796 288 1882 gie
346 1820 539 1864 vero
586 1796 839 1864 dudum
881 1782 1222 1884 Stanlejus
1277 1797 1420 1884 ἄτης
1471 1797 1877 1875 emendavit,
1930 1796 2117 1884 quod
2157 1796 2544 1863 Hermanno

170 1918 505 1989 quoque,
526 1901 819 1989 Engero,
843 1899 1203 1978 Karsteno,
1236 1899 1342 1978 al„
1372 1900 1655 1988 placuit.
1722 1901 1973 1968 Contra
2001 1899 2178 1966 hanc
2194 1899 2542 1967 lectionem

164 1999 558 2090 disputant
587 2002 1141 2070 Schneidewinus
1188 2011 1253 2069 et
1277 2003 1691 2070 Wieselerus
1723 2004 1788 2090 (l.
1832 2006 1946 2090 c.);
2009 2003 2328 2091 quoniam
2372 2004 2542 2070 enim

167 2101 585 2172 Cassandra
607 2128 914 2185 coronas,
944 2105 1188 2193 quibus
1214 2114 1452 2173 ornata
1482 2107 1701 2184 fuerit,
1720 2106 2079 2193 discerpat,
2108 2107 2175 2170 in
2196 2114 2540 2193 posterum

160 2206 329 2271 fieri
360 2228 512 2274 non
536 2231 759 2296 posse,
787 2217 866 2276 ut
897 2208 1030 2274 alia
1061 2209 1389 2298 quaedam
1419 2209 1553 2275 illis
1584 2209 1853 2276 ditetur.
1899 2209 1975 2276 Si
1988 2207 2540 2279 Schneidewinus

183 2326 274 2370 ac
315 2305 740 2377 Wieselerus
783 2312 1086 2380 acerbam
1116 2311 1214 2378 illi
1246 2311 1430 2379 dicto
1461 2313 1682 2378 inesse
1709 2312 1983 2379 ironiam
2015 2310 2538 2399 perspexissent,

180 2404 332 2474 hoc
368 2408 551 2501 ἄλλην
582 2424 687 2480 τιν’
719 2414 858 2502 ἄτης
883 2417 1219 2491 πλουτίζετε
1247 2414 1767 2504 pulcherrimum
1796 2436 1941 2482 esse
1972 2435 2089 2481 eos
2108 2414 2538 2534 judicaturos

178 2509 413 2579 fuisse
444 2517 750 2585 arbitror.
821 2520 1096 2600 „Aliam‚
1128 2520 1457 2608 siquidem
1487 2519 1798 2637 potestis,
1828 2541 2009 2585 nunc
2032 2519 2331 2607 ,pernicie
2361 2519 2532 2586 dite-

177 2614 306 2696 tis3
370 2620 561 2688 mihi
589 2632 766 2689 certe
803 2624 946 2711 jam
999 2646 1140 2690 non
1196 2624 1484 2712 amplius
1538 2622 1855 2711 perniciei
1898 2622 2113 2702 eritis3
2159 2645 2316 2690 mox
2361 2624 2533 2690 enim

177 2730 476 2790 mortem
508 2726 772 2794 obitura
802 2739 989 2793 sum!
1045 2766 1127 2779 —-
1158 2728 1403 2825 Mirum
1433 2748 1596 2793 vero
1630 2735 1751 2805 est,
1783 2737 1984 2814 quam
2014 2723 2240 2791 multis
2272 2727 2532 2814 conjec-

179 2825 363 2893 turis
394 2827 507 2895 hic
535 2830 731 2897 locus
761 2839 1046 2899 vexatus
1078 2831 1197 2910 sit,
1228 2815 1534 2896 nimirum
1565 2839 1642 2897 ut
1669 2830 1821 2918 ipsa
1848 2834 2092 2915 poetae
2119 2828 2328 2896 verba
2359 2850 2529 2917 quo·

180 2928 631 2999 dammodo‘'
590 2959 732 3023 ατης
762 2936 1079 3005 ditentur.

351 3036 433 3104 In
478 3039 755 3106 eandem
797 3037 1191 3105 sententiam
1233 3013 1509 3135 niquam
1540 3033 1912 3123 StanlejuS,
1956 3033 2316 3102 Schiitzius
2352 3056 2526 3124 quo-

180 3157 318 3227 que
372 3141 641 3221 incidit,
700 3141 817 3230 qui
870 3142 1140 3231 scripsit
1183 3141 1383 3228 ἄταις,
1413 3138 1629 3227 „quod
1670 3138 1991 3225 probavit
2032 3146 2237 3227 atque
2276 3139 2528 3225 recepit
2625 3209 2628 3212 ,
2675 3173 2693 3182 ·

175 3241 678 3327 Blomfieldius,
710 3245 862 3315 coll.
895 3245 1111 3335 Soph.
1146 3245 1310 3312 Oed.
1343 3244 1422 3314 R.
1453 3266 1555 3311 vs.
1587 3241 1689 3309 30.
1763 3242 1899 3309 Sed
1927 3241 2140 3308 multo
2184 3239 2401 3307 lenius
2444 3264 2527 3309 ex

169 3345 316 3435 ἄτην
350 3347 648 3416 efficitur
676 3348 840 3437 ἄτης,
873 3370 1074 3438 quam
1106 3350 1290 3420 ἄταις.
1364 3349 1442 3415 Ιιι
1471 3346 1766 3437 genitivo
1797 3366 1958 3412 vero
1988 3366 2127 3412 non
2156 3366 2303 3412 esse
2333 3345 2522 3435 quod

171 3448 315 3538 jure
344 3451 677 3531 offendat,
710 3452 1193 3522 demonstravit
1219 3453 1662 3521 Heu-mannus.

174 3554 786 3647 Sequunturhaec:
809 3559 1159 3645 (νε.1228).
1209 3560 1334 3638 ἰδοὺ
1366 3559 1417 3623 δ’
1450 3555 1763 3622 Ἀπόλλων
1795 3553 1974 3623 αὐτός
2005 3553 2230 3620 ἐκδύων
2262 3553 2370 3641 ἐμὲ

1199 3663 1560 3752 χρηστηρίαν
1605 3657 1825 3747 ἐσθῆτ’,
1870 3659 2233 3728 ἐποπτεύσας
2261 3659 2329 3730 δέ
2359 3682 2434 3745 με

1204 3768 1311 3834 κᾶν
1349 3768 1539 3837 τοῖςδε
1573 3765 1819 3851 κόσμοις
1843 3763 2335 3850 καταγελωμένην
2361 3763 2514 3848 μέγα

594 3918 601 3926 ·
1201 3873 1389 3958 φίλων
1423 3870 1508 3936 ὑπ’
1544 3871 1781 3958 ἐχθρῶν
1814 3867 2283 3957 οἰνὸιχορρόπως
2307 3869 2511 3954 μάτην·

349 3962 571 4035 Locus
613 3971 1106 4060 pulcherrimus
1153 3974 1421 4064 egregia
1459 3974 1825 4040 Hermanni
1868 3970 2513 4058 emendationeptxa

184 4089 309 4157 pro
354 4068 552 4136 codd.
599 4078 776 4160 μετᾶ,
816 4076 885 4142 in
932 4076 1283 4164 pristinum
1323 4078 1609 4146 nitorem
1650 4082 1998 4144 restitutus
2041 4084 2161 4146 est.
2246 4075 2338 4143 At
2376 4097 2511 4142 non

185 4172 491 4240 omnibus
515 4174 684 4244 haec
710 4180 1086 4260 emendatio
1113 4180 1392 4268 placuit.
1449 4180 1862 4248 Wieselerus
1886 4179 1931 4251 l.
1961 4200 2015 4246 c.
2045 4200 2190 4245 eam
2208 4177 2509 4246 inutilem

185 4298 323 4346 esse
351 4279 722 4369 judicavit,
766 4284 862 4351 sic
891 4285 1100 4353 verba
1127 4286 1574 4376 conjungens:
1619 4284 2110 4373 καταγελωμένην
2143 4284 2291 4370 μετὰ
2319 4284 2505 4371 φίλων

185 4384 279 4454 ὑπ’
307 4385 545 4478 ἐχθρῶν
579 4386 651 4458 οὐ
675 4388 1079 4482 διχορρόπως,
1122 4392 1328 4486 μάτην·
1375 4391 1537 4484 „qui
1564 4410 1669 4461 me
1695 4388 1993 4483 punivit,
2035 4408 2182 4457 cum
2215 4388 2408 4464 etiam
2436 4390 2505 4461 in
