3003 4880
206 372 247 393 τ
1344 342 1464 422 33,

148 547 217 613 si
265 546 724 637 Aeschylus
769 557 999 617 nostro
1038 548 1195 617 loeo
1240 549 1372 617 hac
1414 573 1586 618 voee
1631 551 2077 628 Cassandram
2107 564 2187 623 ut
2227 560 2570 646 captivam

142 652 601 740 significare
630 654 978 735 voluisset,
1011 653 1387 721 addidisset
1417 665 1536 722 aut
1564 660 1738 742 τῆςδε
1760 663 1868 744 γῆς
1898 668 2016 726 aut
2043 660 2257 727 simile
2277 662 2559 750 aliquid.

145 756 471 823 Nudusn
508 759 703 824 illud
734 759 1006 844 μέτοικος
1037 759 1378 844 captivam
1406 781 1548 824 non
1580 761 1995 849 significaret.
2025 774 2029 779 ’

340 861 790 949 Sequuntur
817 861 888 927 hi
917 881 1156 927 versus
1191 861 1383 943 (1246
1414 864 1634 949 seqq.)

760 966 889 1030 ἐπεὶ
920 966 988 1029 τὸ
1026 970 1257 1053 πρῶτον
1297 965 1452 1030 εἶδον
1496 965 1672 1032 Ἰλίου
1714 968 1888 1035 πόλιν

756 1071 1053 1156 πράξασαν
1097 1075 1183 1138 ὡς
1222 1067 1484 1155 ἔπραξεν,
1530 1074 1588 1136 οἳ
1616 1071 1833 1159 δἐἷχον
1861 1072 2051 1154 πόλιν,

769 1176 959 1244 οὕτως
1001 1176 1478 1239 ἀπαλλάσσουσιν
1512 1176 1571 1239 ἐν
1604 1177 1761 1245 θεῶν
1793 1178 2010 1263 κρίσειῑ

766 1280 938 1343 ἰοῦσα
977 1281 1200 1365 πράξω·
1243 1281 1539 1363 τλήσομαι
1581 1281 1649 1344 τὸ
1680 1282 2010 1371 κατθανεῖν.

357 1382 460 1448 In
507 1404 614 1447 vs.
663 1381 826 1448 1247
863 1382 1289 1448 scribendum
1319 1406 1470 1450 esse
1507 1384 1666 1448 εἷλον
1700 1406 1826 1470 pro
1856 1384 2020 1472 εἶχον
2049 1385 2367 1451 viderunt
2395 1385 2568 1475 Pey-

174 1483 350 1562 lius,
384 1485 865 1572 Musgravius,
895 1484 1230 1551 Martinus
1261 1487 1355 1571 (in
1388 1487 1653 1564 observ.
1688 1488 1830 1556 crit.
1864 1509 2018 1576 pag.
2040 1489 2135 1573 -7);
2166 1488 2573 1575 Bamberge-

178 1609 312 1653 rus
363 1589 473 1675 (in
521 1588 769 1653 Philol.
814 1596 972 1653 tom.
1007 1588 1189 1665 VH„
1224 1611 1288 1675 p.
1328 1589 1482 1666 158,
1516 1612 1570 1654 s.
1605 1610 1839 1675 opusc.
1877 1612 1939 1677 p.
1971 1590 2141 1674 251),
2175 1589 2567 1662 SchilleruS.

190 1689 555 1780 EngeruS,
587 1691 676 1757 al.
695 1741 710 1769 ,
749 1697 929 1757 reete
948 1680 1338 1779 judicantes
1357 1742 1372 1769 ‚
1402 1713 1543 1757 non
1573 1692 1948 1779 Trojanos‚
1991 1693 2113 1758 sed
2144 1692 2443 1760 Graecos
2471 1694 2572 1759 vi-

206 1799 447 1862 ctores
465 1817 547 1861 ae
561 1794 1485 1883 praeeipueAgamemnonem
1495 1794 1607 1859 his
1621 1795 1841 1860 verbis
1856 1795 2336 1885 significandos
2347 1796 2568 1879 fuisse,

206 1897 612 1966 Absurdum
643 1898 817 1964 enim
846 1918 1025 1973 esse,
1059 1896 1664 1963 discrimen-faeere
1691 1897 1866 1963 inter
1892 1899 2121 1965 urbem
2151 1898 2367 1985 ipsam
2400 1899 2575 1987 ejus-

214 2021 355 2088 que
383 2002 690 2079 incolas3
729 2022 880 2066 eum
908 2000 1079 2066 haec
1106 2001 1317 2067 verba
1342 2002 1655 2068 audiens:
1701 2000 1855 2065 εἶδον
1883 2001 2055 2067 Ἰλίου
2082 2002 2249 2066 πόλιν
2272 2003 2572 2087 πράξασαν

206 2107 299 2172 ὡς
348 2103 593 2190 ἔπραξεν
613 2155 628 2180 ,
670 2103 1143 2192 unusquisque
1181 2126 1321 2169 non
1365 2104 1450 2169 de
1478 2105 1635 2194 ipsa
1663 2104 1831 2169 urbe
1860 2104 2030 2176 sola.
2061 2105 2103 2173 i.
2135 2126 2190 2170 e.
2225 2104 2309 2169 de
2340 2103 2570 2171 aedifi-

219 2205 396 2280 ciis,
440 2229 520 2272 ex
559 2208 803 2293 quibus
846 2213 1140 2284 constet,
1184 2207 1308 2272 sed
1346 2216 1526 2272 certe
1566 2205 1666 2296 de⁴
1697 2206 1941 2271 ineolis
1971 2206 2353 2293 horumque
2384 2216 2574 2274 sorte

232 2305 506 2386 cogitet.
598 2308 944 2377 Praeterea
995 2309 1365 2375 rectissime
1421 2308 1898 2374 animadvertit
1948 2307 2440 2398 Bambergerus
2460 2360 2477 2388 ‚
2534 2326 2575 2375 a

236 2406 628 2477 Cassandra
654 2433 789 2479 non
820 2413 1064 2479 civium
1093 2435 1366 2479 suorum
1398 2414 1708 2480 miseram
1738 2418 2006 2490 sortem,
2038 2412 2160 2480 ssd
2191 2433 2422 2480 eorum
2453 2412 2575 2502 qui

223 2515 524 2598 patriam
564 2536 742 2581 suam
774 2517 1162 2594 deleverint,
1195 2517 1634 2583 calamitatem
1665 2517 1768 2582 his
1799 2516 2024 2583 verbis
2054 2516 2415 2604 significari
2442 2538 2571 2603 po-

225 2616 472 2684 tuisse:
541 2621 733 2689 οὸτως
787 2622 1264 2686 ἀπαλλάσσουσιν
1327 2623 1399 2687 ἐν
1456 2623 1648 2687 θεῶν
1702 2622 1965 2714 κρίσει.
2050 2618 2399 2695 „Endlich
2444 2619 2575 2685 den

225 2718 474 2798 Trost‚
515 2723 584 2788 in
612 2724 824 2812 Folge
866 2724 1108 2790 dessen
1148 2725 1249 2791 sie
1277 2747 1356 2791 so
1387 2724 1714 2813 geduldig
1741 2723 1952 2794 ihre-m
1983 2721 2180 2787 Tode
2210 2732 2567 2810 entgegen-

221 2823 424 2910 geht,
454 2825 664 2893 findet
692 2827 792 2892 sie
819 2826 1234 2915 keineswegs
1265 2827 1462 2893 allein
1490 2829 1578 2893 im
1609 2826 1922 2915 Ungliick
1949 2826 2128 2891 ihrer
2157 2823 2573 2899 Vaterstadi,

220 2928 531 3000 sondern
551 2929 956 2996 namentlieh
985 2929 1198 3006 darin,
1229 2930 1390 2996 dass
1417 2930 1594 2996 auch
1619 2932 2132 3017 Agamemnone,
2163 2928 2284 2994 des
2309 2928 2575 3015 Siegers

216 3186 382 3243 facile
404 3206 540 3241 unus
565 3189 786 3259 quisque
808 3188 1100 3262 intelligere
1122 3195 1321 3260 potest,
1345 3189 1444 3242 hos
1470 3187 1734 3259 μετοίκους
1757 3188 1929 3242 dictos
1953 3187 2095 3260 apud
2117 3187 2235 3245 τοὺς
2254 3185 2572 3257 παραβάντας

217 3291 350 3328 esse
385 3275 667 3343 μετοίκους.
737 3273 880 3327 Nam
905 3274 1048 3345 quod
1071 3274 1376 3328 Klausenus
1403 3275 1615 3345 quidem
1641 3273 1989 3344 excogitavit,
2026 3272 2112 3343 qui
2137 3276 2392 3325 annotat:
2431 3288 2571 3334 „non

215 3359 432 3431 expulsi
456 3366 581 3412 sunt
600 3359 728 3430 pulli
744 3400 758 3425 ‚
783 3360 881 3414 sed
906 3360 1201 3426 trucidati“‚
1226 3360 1506 3413 absurdius
1532 3366 1631 3424 est,
1657 3377 1813 3429 quam
1834 3359 1887 3411 in
1912 3376 2017 3430 quo
2040 3356 2324 3411 refutando
2354 3371 2572 3425 operam

215 3445 527 3517 perdamus.
575 3444 718 3498 Sane
743 3462 860 3498 eum
886 3445 1161 3499 trucidatis
1184 3446 1340 3517 pullis
1359 3445 1572 3499 Helena
1594 3453 1753 3517 rapta
1774 3463 1883 3498 non
1905 3451 2094 3516 posset
2118 3441 2444 3513 comparar13
2476 3439 2574 3493 sed

215 3531 391 3595 unde,
427 3546 655 3599 quaesO,
696 3529 785 3583 Kl.
821 3532 956 3585 scire
979 3532 1176 3601 potuit,
1205 3532 1378 3603 pullos
1419 3531 1586 3585 fuisse
1622 3530 1955 3585 trucidatos?
1977 3559 2048 3570 -—
2068 3528 2155 3582 Ex
2179 3545 2244 3581 eo
2269 3533 2463 3590 autem,
2489 3537 2578 3595 qui

221 3634 344 3671 cum
354 3615 743 3682 Schoemann0‚
767 3615 1184 3682 SchneidewinO,
1210 3618 1338 3683 aliis,
1357 3635 1544 3671 vocem
1568 3616 1830 3687 μετοίκους
1854 3615 1923 3668 ad
1946 3620 2199 3685 parentes
2222 3612 2459 3668 vultures
2482 3627 2569 3663 re·-

219 3701 380 3767 ferat‚
406 3719 666 3773 quaerere
690 3700 858 3765 velim,
882 3700 1092 3753 ubinam
1115 3701 1187 3753 illi
1219 3701 1373 3756 habi
1389 3709 1559 3768 tent,
1597 3720 1731 3773 quos
1759 3702 1979 3753 deorum
2002 3698 2280 3771 inquilinos
2303 3697 2574 3750 nominant

220 3782 347 3851 Ipse
380 3787 515 3840 enim
543 3794 709 3858 poeta
729 3786 900 3858 {dixitz
926 3826 939 3839 .
967 3825 979 3837 .
1006 3825 1019 3838 .
1051 3786 1234 3857 τρόπον
1269 3788 1540 3858 αἰγυπιῶν,
1575 3785 1659 3840 οἵτ’
1700 3787 1952 3844 ἐκπατίοις
1976 3784 2146 3856 ἄλγεσι
2168 3782 2363 3836 παίδων
2388 3780 2572 3835 ὕπατοι

226 3864 421 3941 λεχέων
462 3873 742 3947 στροφοδ
760 3892 813 3927 ιν
828 3875 1075 3933 οῦνται,
1120 3871 1381 3944 πτερύγων
1424 3874 1704 3944 ἐρετμοῖσιν
1746 3871 2082 3944 ἐρεσσόμενοι.
2159 3867 2307 3940 Ergo
2342 3868 2572 3938 μέτοικοι

228 3953 406 4005 vocari
427 3968 718 4026 nequeumt,
741 3977 863 4013 nam
884 3957 1064 4011 nidum
1086 3957 1328 4011 relietum
1351 3958 1932 4021 circumvolitant,
1966 3973 2075 4028 non
2103 3955 2325 4025 amplius
2362 3953 2565 4006 haben-

227 4042 310 4090 tes
336 4036 494 4092 fixam
518 4042 713 4096 sedem.
745 4044 893 4099 Addi
914 4049 1144 4115 possunt
1167 4042 1268 4095 alia
1290 4050 1619 4115 argumenta,
1646 4060 1782 4115 quae
1806 4043 1938 4095 haee
1964 4039 2319 4112 praetermitti
2342 4054 2568 4092 neeesse

228 4131 334 4187 88ῐὶ
384 4122 622 4178 fortasse
656 4128 754 4183 alio
788 4130 908 4186 loco
945 4128 1227 4199 aliquando
1263 4129 1438 4182 omnia
1472 4130 1772 4182 accuratius
1808 4127 2095 4199 explanare
2128 4125 2319 4179 licebit.
2390 4122 2569 4178 Unum

224 4217 429 4265 tantum
466 4208 684 4274 addam,
717 4230 1008 4282 pronomen
1031 4215 1190 4269 τῶνδε
1218 4221 1403 4286 aperte
1428 4232 1589 4267 sensu
1614 4231 1822 4278 carere,
1860 4230 2072 4284 quoquo
2097 4228 2283 4264 vocem
2321 4208 2569 4279 μετοίκων

226 4294 446 4350 reseras.
516 4294 805 4349 Hermanni
826 4317 954 4354 vero
981 4299 1279 4356 emendatio
1308 4305 1416 4353 τῶν
1441 4298 1494 4353 δὲ
1524 4298 1798 4370 μετοίκων,
1837 4299 2053 4372 egregia
2077 4304 2186 4361 est,
2211 4312 2368 4366 quam
2389 4294 2570 4346 imme-

224 4380 327 4434 rito
351 4399 537 4438 omnes
559 4379 926 4454 neglexerunt.-

63 4619 617 4818 μὴ

2171 4464 2206 4519 5
