3003 4880
1336 354 1428 449 15

186 598 302 647 me
336 558 514 644 falsa
546 573 830 649 dicere.“
861 613 945 633 -·-
991 571 1106 644 Sic
1137 574 1358 647 omnia
1388 585 1454 645 et
1471 575 1662 667 justa
1690 575 2185 666 vituperatione
2226 592 2442 648 vacua
2486 584 2552 653 et

186 681 666 772 pulcherrima
696 703 842 748 esse
873 695 1164 769 apparet.
1263 682 1618 750 Editorum
1648 683 2165 751 novissimorum
2205 706 2383 751 unus
2412 686 2549 752 En·-

188 807 413 874 gerus
452 792 634 851 recte
673 784 804 851 hos
829 807 1064 850 versus
1108 785 1400 853 intactos
1429 785 1735 873 reliquit;
1764 787 2046 857 aliorum
2074 789 2298 857 varias
2329 789 2416 857 de
2442 790 2551 859 his

195 890 484 956 duobus
500 889 806 955 versibus
831 888 1195 955 sententias
1220 889 1666 957 examinando
1696 912 1875 957 nunc
1901 892 2191 958 arbitror
2204 914 2329 958 nos
2345 915 2555 980 posse

201 990 669 1078 supersedere.
754 991 1041 1057 Tradita
1085 992 1256 1056 enim
1301 991 1590 1059 lectione
1620 994 1963 1080 explicata
1989 1014 2071 1063 ac
2099 993 2379 1061 defensa
2408 1017 2553 1063 om-

200 1117 336 1161 nes
379 1096 803 1183 conjecturae
830 1096 970 1182 jam
1001 1094 1329 1160 refutatae
1359 1095 1763 1167 ceciderunt.
1849 1096 2003 1184 Hoc
2023 1094 2252 1165 ¹autem
2282 1099 2437 1166 loco
2466 1093 2556 1171 ne

203 1198 726 1266 Schoemannus
760 1196 1031 1285 quidem
1060 1195 1222 1263 felix
1265 1197 1431 1271 fuit.
1485 1199 1603 1286 qui
1633 1201 1809 1286 (pag.
1844 1199 1948 1286 10)
1983 1202 2371 1291 proposuit:
2419 1205 2552 1290 ἐκμν

200 1304 610 1389 προύμοσάσῃ
640 1303 720 1387 μὴ
752 1301 984 1374 εἰδέναι.
1015 1338 1086 1349 -
1115 1299 1251 1366 Sed
1286 1301 1634 1387 quomodo
1664 1302 1752 1370 ad
1773 1302 1940 1369 haec
1970 1303 2179 1371 verba
2204 1308 2561 1393 responsio

203 1406 428 1474 Chori
460 1406 850 1493 quadraret:
912 1406 1014 1471 καὶ
1041 1390 1267 1474 π’ῶςᾶν
1300 1405 1476 1491 ὅρκος
1506 1457 1522 1474 .
1554 1458 1567 1472 .
1597 1410 1920 1491 ..παιώνιον
1948 1407 2345 1491 γένοιτο-Ῥ,
2391 1432 2565 1498 quae

199 1511 425 1576 verba
462 1516 690 1596 aperte
720 1508 1216 1584 demonstrant,
1260 1507 1328 1572 in
1360 1508 1909 1576 antecedentibus
1953 1532 2090 1575 non
2118 1511 2565 1579 Cassandram

203 1611 499 1701 aliquod
525 1612 1003 1700 jusjurandum
1036 1611 1324 1687 dedisse,
1358 1611 1477 1679 sed
1511 1610 1800 1681 Chorum
1833 1635 1874 1681 a
1905 1614 2087 1683 Casa.
2122 1634 2270 1681 esse
2313 1637 2564 1701 provo-

213 1726 445 1783 catum
504 1722 583 1781 ut
628 1713 1110 1804 jusjurandum
1171 1713 1393 1792 daret3
1464 1714 1658 1802 quod
1713 1714 1822 1783 his
1869 1717 2091 1785 verbis
2135 1719 2254 1783 καὶ·
2277 1724 2403 1788 πῶς
2447 1728 2570 1787 cet.

212 1825 500 1888 recusat.
1104 1906 1109 1911 ἡ

390 1921 767 1989 Karstenus
797 1921 896 1987 sic
929 1919 1171 1999 edidit3
1204 1920 1645 2007 ἐκμαρτύρησον
1678 1922 1988 2008 ἀπομόσας
2016 1925 2084 1987 τὸ
2113 1925 2194 2009 μὴ
2221 1925 2435 1991 εἰδέναι
2470 1926 2571 2011 (cf.

216 2031 572 2094 comment.
619 2046 680 2111 p.
711 2023 861 2105 264)
895 2022 1222 2101 „infitiare
1265 2023 1470 2090 sodes
1504 2025 1971 2113 jurejurando.
2003 2026 2376 2095 innotuisse
2406 2028 2574 2122 “tibi

213 2129 401 2196 fama
431 2126 718 2215 pristina
744 2127 950 2215 hujus
983 2126 1224 2193 domus
1256 2127 1596 2214 scelera;“
1638 2164 1726 2181 --
1768 2130 1969 2217 quasi
2011 2130 2124 2195 hic
2152 2150 2290 2194 non
2323 2128 2409 2194 de
2435 2128 2569 2195 fide

217 2228 649 2301 Cassandrae
676 2230 1011 2323 yaticiniis
1042 2229 1387 2308 habenda,
1434 2231 1748 2318 vatisque
1791 2233 2302 2318 praeteritarum
2345 2252 2567 2298 rerum

224 2331 510 2395 scientia
553 2351 768 2396 sermo
815 2341 1018 2411 esset,
1092 2333 1214 2401 sed
1259 2333 1345 2399 de
1404 2333 1652 2401 Chori
1711 2335 1990 2401 scientia
2032 2333 2300 2403 illorum
2360 2334 2569 2403 malo·

227 2432 407 2497 rum!
439 2471 522 2481 —
1364 2505 1365 2512 χ
2317 2461 2320 2468 ’

398 2546 509 2601 vs?
527 2534 704 2604 1202.
847 2541 968 2605 ’καὶ
998 2540 1188 2629 φόβος
1219 2549 1279 2625 μ’
1312 2539 1440 2627 ἔχει
1875 2576 1884 2590 ·

854 2645 1084 2711 κλύοντ’
1115 2646 1359 2731 ἀληθῶς
1390 2645 1560 2714 οὐδὲν
1592 2645 1981 2732 ἐξῃκασμένα·

398 2741 579 2822 Quin
622 2743 790 2811 haec
822 2747 1027 2814 Chori
1069 2749 1278 2818 verba
1322 2757 1641 2838 corrupta
1671 2750 1836 2827 sint,
1867 2752 2008 2837 jam
2052 2771 2246 2816 nemo
2271 2749 2572 2824 dubitat.

226 2842 523 2912 Schfitzii
569 2846 990 2937 aliorumque
1032 2852 1624 2938 interpretationes
1678 2854 1903 2920 verbis
1960 2875 2098 2922 non
2154 2852 2569 2940 respondere

228 2945 705 3021 demonstravit
734 2952 1244 3022 Sehoemannus
1274 2976 1336 3041 p.
1365 2955 1426 3032 5,
1457 2955 1609 3042 ipse
1640 2956 2035 3044 conjiciens:

794 3057 1026 3122 κλύοντ’
1057 3059 1303 3143 ἀληθῶς
1334 3057 1542 3126 οὖσιν
1574 3037 1957 3145 temnendam·

231 3154 512 3241 ,ἀληθῶς
542 3158 682 3225 ὄντα
728 3168 886 3226 sunt
926 3183 1037 3227 res
1070 3184 1222 3230 vere
1266 3169 1496 3249 gestae
1537 3163 1856 3230 vaticinia
1900 3169 2120 3230 autem
2165 3162 2369 3228 rebus
2414 3183 2569 3230 vere

232 3259 433 3344 gestis
485 3282 786 3350 congrua
842 3284 1093 3352 easque
1148 3274 1227 3334 ut
1267 3272 1495 3353 gestae
1541 3273 1763 3343 erant,
1810 3267 1909 3332 sic
1948 3263 2328 3344 referentia,
2385 3274 2569 3330 recte
2631 3285 2636 3300 ¹

234 3360 585 3436 „dicuntur
642 3367 889 3451 ἀληθῶς
957 3365 1119 3432 οὖσιν
1179 3355 1580 3452 ἐξῃκαῷένα,
1654 3367 2212 3455 quemadmodum
2274 3368 2569 3452 ἐτύμοισιν

233 3464 450 3551 ,,ὀμοῖα
493 3468 578 3534 ab
609 3467 963 3552 Homero¹)
1020 3479 1093 3538 et
1128 3470 1436 3538 Hesiodo
1497 3471 1929 3546 dictasunt,
1989 3493 2166 3559 quae
2222 3470 2569 3540 veritatem

235 3594 489 3650 „rerum
519 3570 922 3639 imitantur.“
948 3615 1026 3626 ·-
1074 3576 1428 3652 ,,ὲξεικάζειν
1460 3596 1722 3662 semper
1752 3575 1924 3644 esti.
1959 3597 2019 3662 q.
2047 3577 2376 3660 ἐξομοιοῦν,
2399 3571 2567 3638 assi-

236 3675 535 3752 ‚‚milare,
582 3673 794 3740 simile
836 3676 1088 3755 facere,
1135 3680 1534 3765 ἐξῃκασμένος
1563 3679 1600 3746 i.
1633 3699 1697 3764 q.
1732 3673 1963 3764 ὁμοῖος,
2011 3674 2571 3765 quemadmodum

237 3778 353 3852 „ab
392 3777 737 3865 Aeschylo
783 3778 966 3868 Sept.
1025 3791 1144 3847 etr.
1206 3782 1417 3850 Theb.
1464 3805 1556 3852 vs.
1601 3781 1727 3852 426
1779 3781 2033 3850 fulmen
2076 3781 2264 3847 Iovis
2320 3779 2569 3848 dicitur

241 3879 622 3966 ἐξῃκασμένον
656 3886 1104 3972 μεσημβρινοῖσι
1133 3886 1422 3951 θάλπεσιν
1469 3892 1592 3955 τοῖς
1622 3888 1826 3978 ἡλκζου,
1871 3885 1909 3951 i.
1942 3906 1990 3950 e.
2041 3881 2574 3969 haudquaquam

243 3979 565 4070 simile.“²)
608 4025 690 4038 --
752 3988 1007 4060 Contra
1053 4008 1227 4075 quae
1270 3988 1525 4058 frustra
1573 3987 1954 4076 disputavit
2011 3984 2569 4070 Schneidewinus

335 4240 385 4308 1)
412 4238 567 4299 Hom.
593 4239 677 4298 Od
707 4244 782 4310 19,
806 4246 932 4303 203:
981 4246 1085 4300 ἴσκε
1112 4235 1489 4324 ψεΰὸξμπολχά
1512 4244 1674 4318 λέγων
1700 4242 1957 4315 ἐτὺμοισιν
1983 4242 2150 4314 ὁμοῖα·

331 4326 387 4397 2)
419 4325 616 4393 lamis,
650 4326 856 4402 ἀληθῶς
880 4330 1034 4394 οὖσιν,
1057 4332 1380 4405 praesentis,
1405 4337 1463 4385 ut
1484 4346 1673 4402 saepe,
1707 4330 1810 4385 vim
1834 4328 2191 4403 praeteriti
2215 4327 2432 4384 habet.
2483 4326 2565 4382 01.

246 4413 527 4479 Agam.159
553 4412 705 4502 οὒυδὲ
730 4412 926 4478 λέξεται
951 4416 1049 4488 (ἲΐ)
1070 4419 1181 4491 πρὶν
1205 4417 1293 4471 ὥν·
1363 4416 1584 4472 Hesiod.
1610 4431 1754 4487 oper.
1781 4421 1835 4469 et
1856 4414 1971 4470 dies
1994 4430 2043 4472 v.
2066 4413 2187 4471 291.

2715 4515 2959 4837 A
