3003 4880
1373 389 1470 471 25

232 603 523 692 parebit.
573 601 852 671 Occurit
866 599 1003 667 hoc
1018 601 1297 669 verbum
1313 603 1497 689 apud
1514 603 1923 693 Aeschylum
1948 606 2017 672 in
2031 607 2265 695 Agam.
2282 630 2380 673 vs.
2402 608 2565 675 1547
2579 635 2594 675 ε
2663 675 2671 682 ,

235 712 422 796 φαίην
457 709 557 772 ἄν’·
577 733 625 749 ··
658 709 837 776 θεοὺς
867 707 1100 771 ἄνωθεν
1131 713 1240 792 γῆς
1272 708 1608 772 ἐποπτεύειν
1640 708 1788 794 ἄγη,
1827 707 2096 796 saepius
2126 711 2195 775 in
2237 711 2599 798 Choepho-

231 814 364 889 riS‚
398 817 531 882 vss.
569 813 638 886 1·‚
670 811 828 887 483,
875 810 1021 885 577,
1066 810 1210 886 987,
1266 809 1448 879 1060.
1522 811 1713 876 Eum.
1748 811 1872 877 223
1904 816 2066 883 δίκας
2097 817 2163 879 δὲ
2193 815 2433 884 Παλλὰς
2462 803 2657 882 τῶνυμ

208 920 303 1016 fi*
326 917 672 980 ἐποπτεύσει
703 916 838 979 θεά·
868 914 1060 979 Eum.
1093 912 1249 977 219:
1284 912 1562 1000 (Apollo
1594 916 1812 980 Furiis
1842 911 2062 1002 dicim:

693 1020 745 1082 εἰ
786 1024 967 1081 τοῖσιν
1015 1014 1113 1081 οὖν
1159 1018 1474 1082 κτείνουσιν
1522 1017 1817 1104 ἀλλήλους
1860 1023 2088 1106 χαλᾷς,

694 1123 765 1185 τὸ
813 1124 894 1207 μή
940 1122 1203 1185 τίνεσθαι
1251 1121 1389 1207 μηδ’
1436 1121 1891 1188 ἐποπτεύειν
1936 1125 2163 1219 κότῳ)

602 1241 615 1254 ·
698 1225 768 1290 οὔ
813 1238 964 1312 φημ’
1009 1222 1290 1312 Ὀρέστην
1338 1226 1646 1295 σ’ἐνδίκως
1690 1228 2086 1313 ἀνδρηλατεῖν·

256 1331 373 1417 qui
403 1330 602 1394 locus
632 1327 924 1395 fortasse
951 1350 1090 1393 non
1108 1329 1346 1393 -nullos
1372 1329 1439 1393 in
1465 1328 1772 1395 fraudem
1809 1330 2105 1430 induxit,
2150 1337 2226 1395 ut
2265 1337 2601 1417 putarent,

252 1434 596 1499 ἐποπτεύειν
665 1452 1152 1518 nonnunquam
1221 1431 1628 1520 significare:
1693 1433 1940 1519 -punir‘e
1966 1435 2038 1519 ¹).·
2088 1433 2175 1483 -'—-
2219 1434 2596 1520 Apollinem

247 1537 673 1604 Cassandrae
704 1537 958 1620 ἐπύπτην
991 1557 1141 1601 esse
1183 1535 1578 1620 oportebat,
1614 1537 1869 1624 quippe
1900 1557 2076 1624 quae
2102 1546 2292 1601 vates
2324 1538 2604 1625 ejusque

248 1641 570 1706 sacerdos
611 1639 829 1705 fuerit.
905 1637 1045 1703 Sed
1072 1636 1210 1702 hoc
1244 1637 1540 1702 officium
1572 1625 1848 1703 minime
1869 1640 2235 1727 praestitit,
2280 1662 2430 1710 cum
2460 1662 2602 1705 eam

256 1746 363 1811 κάν
405 1730 602 1808 τοῖσδε
643 1743 888 1828 κόσμοις
933 1740 1218 1807 derideri
1262 1761 1509 1827 passus
1554 1741 1659 1805 sit.
1745 1742 1983 1830 Itaque
2027 1737 2409 1808 Cassandra
2450 1764 2601 1807 cum

264 1847 560 1934 Apollini
602 1833 771 1912 haec
819 1846 1003 1910 dicat
1047 1845 1411 1911 ἐποπτεύσας
1456 1869 1641 1928 με...,
1685 1866 1959 1910 necesse
2001 1851 2102 1909 est
2132 1839 2343 1910 addat
2371 1867 2604 1911 vocem

260 1950 569 2039 aliquam,
602 1972 737 2039 qua
766 1948 1194 2037 significetur,
1226 1947 1444 2035 qualis
1469 1947 1671 2012 fuerit
1695 1947 1812 2012 illa
1840 1949 2133 2013 ἐποπτεία.
2177 1949 2253 2013 In
2270 1949 2405 2013 hoc
2430 1951 2601 2014 enim

250 2056 460 2121 totius
517 2053 879 2120 sententiae
930 2073 1195 2117 summa
1244 2058 1379 2130 est3
1450 2071 1602 2115 nam
1647 2050 1716 2115 in
1755 2072 1833 2115 eo
1877 2060 2023 2117 tota
2069 2052 2237 2115 haec
2278 2052 2600 2116 orationis

247 2181 415 2247 pars
446 2165 783 2231 versatur,
824 2164 903 2221 ut
935 2154 1322 2222 Cassandra
1355 2162 1672 2241 exponat,
1706 2155 2089 2241 Apollinem
2120 2154 2247 2218 sibi
2276 2153 2443 2222 nihil
2471 2153 2601 2217 nisi
2703 2147 2710 2151 ’

249 2260 616 2346 perniciem
648 2281 726 2323 ac
754 2259 999 2324 malum
1030 2258 1319 2334 dedisse,
1351 2280 1487 2327 vss,
1526 2256 1968 2328 1227-123'7,
2056 2258 2263 2322 Recte
2293 2255 2498 2344 igitur
2527 2276 2599 2320 se

259 2360 547 2423 haberet
577 2361 807 2436 oratic,
840 2363 896 2425 si
925 2368 1043 2427 aut
1073 2361 1314 2426 acerba
1345 2360 1635 2449 quadam
1664 2367 1860 2425 utens
1884 2360 2102 2425 ironia
2129 2359 2379 2424 diceret
2401 2355 2600 2428 καλῶς

259 2462 625 2532 ἐποπτεύσας
686 2488 757 2548 με
810 2473 924 2528 aut
977 2467 1121 2531 sine
1175 2463 1294 2531 tali
1350 2466 1568 2529 ironia
1610 2470 1811 2541 κακῶς
1851 2465 1961 2530 vel
2015 2462 2199 2529 aliud
2257 2463 2598 2550 quoddam

255 2565 559 2653 ejusdem
615 2568 874 2654 generis
935 2569 1370 2645 vocabulum,
1434 2569 1634 2656 quale
1694 2568 2020 2633 habemus
2072 2568 2141 2632 in
2180 2587 2351 2631 voce
2393 2566 2599 2652 μάτην·

251 2673 560 2756 Apparet
589 2671 817 2759 igitur,
862 2673 1241 2737 necessario
1274 2673 1660 2758 copulanda
1691 2694 1835 2736 esse
1893 2672 2087 2736 haec:
2134 2670 2497 2739 ἐποπτεύσας
2528 2695 2602 2755 με

257 2776 475 2859 μάτηνς
531 2774 600 2839 in
657 2774 1100 2841 collocatione
1144 2797 1306 2840 vero
1348 2775 1542 2841 vocis
1590 2796 1764 2862 quae
1806 2781 1906 2860 est
1951 2778 2167 2860 μάτην,
2209 2794 2348 2838 non
2395 2774 2597 2849 modo

248 2870 504 2945 nullam
557 2880 992 2945 offensionem
1046 2878 1354 2965 praeberi
1399 2901 1477 2942 eo
1525 2878 1715 2965 quod
1756 2899 1793 2941 a
1826 2864 2183 2965 participio
2225 2877 2425 2940 ἐποπτ.
2457 2884 2594 2941 tam

248 2983 455 3070 longe
483 2993 809 3049 remotum
841 2982 1204 3068 multisque
1238 2981 1385 3045 aliis
1416 2981 1638 3046 verbis
1668 2980 2231 3045 intercedentibus
2263 2949 2597 3068 direffitum

250 3096 374 3164 est,
404 3124 490 3136 —-
520 3086 642 3151 sed
683 3087 917 3174 potius
949 3085 1083 3150 hoc
1125 3087 1346 3172 ipsum
1379 3083 1896 3171 pulcherrimum
1929 3089 2134 3170 atque
2165 3081 2476 3146 consulto
2510 3084 2595 3144 ab

255 3191 527 3277 egregio
582 3189 1008 3276 sapientique
1053 3195 1260 3274 poeta
1299 3188 1674 3252 institutum
1718 3207 1893 3261 esse,
1934 3206 2144 3271 supra
2184 3182 2271 3247 ad
2306 3206 2400 3248 vs.
2439 3183 2598 3248 1015

246 3294 705 3379 exposuimus.
783 3293 1105 3378 Magnum
1138 3292 1309 3356 enim
1339 3290 1615 3377 pondus
1647 3298 1711 3355 et
1738 3290 1805 3353 in
1836 3286 2341 3375 pronuntiando
2374 3287 2598 3372 gravis

249 3405 572 3460 accentus
604 3395 788 3460 cadit
816 3395 887 3459 in
917 3394 1050 3459 hoc
1083 3397 1266 3481 μάτην
1287 3445 1301 3471 ,
1347 3395 1414 3458 in
1449 3415 1585 3480 quo
1620 3414 1875 3457 summa
1907 3390 2274 3455 sententiae
2303 3396 2403 3453 vis
2435 3410 2597 3452 cunm

243 3498 530 3572 tinctum
576 3498 833 3561 irritam
865 3499 1035 3563 enim
1080 3498 1288 3564 fuisse
1319 3498 1426 3562 dei
1457 3496 1732 3561 tutelam
1766 3504 1969 3583 atque
2001 3492 2338 3567 ἐποπτείαν,
2385 3492 2597 3557 totius

242 3600 455 3685 hujus
500 3598 871 3664 sententiae
919 3602 1231 3686 primaria
1274 3601 1462 3665 notio
1510 3608 1630 3668 est.
1708 3598 2008 3663 Ceterum
2056 3594 2137 3660 ct.
2170 3593 2599 3660 Welckerum

242 3703 383 3778 l.'c‚
417 3711 483 3767 et
511 3698 764 3787 Engeri
797 3706 1301 3769 annotationem
1320 3707 1375 3789 2)
1619 3720 1622 3723 ·

421 3804 725 3870 Breviter
792 3826 974 3869 nunc
1032 3807 1203 3872 aliae
1259 3806 1393 3871 loci
1437 3803 1922 3890 explicationes
1976 3800 2371 3891 refutandae
2424 3804 2598 3862 sunt.

243 3905 766 3994 Καταγελωμένην
793 3916 861 3974 et
892 3908 1076 3995 μάτην
1112 3922 1248 3973 n‘on
1282 3929 1427 3974 esse
1455 3904 1928 3993 conjungenda
1956 3904 2052 3990 (id
2077 3903 2266 3989 quod
2295 3900 2598 3967 Wellau·

380 4096 434 4156 1)
469 4095 613 4149 Idem
637 4099 969 4153 statuendum
994 4097 1061 4152 de
1086 4097 1248 4151 verbo
1273 4096 1480 4173 suffles),⁴
1504 4096 1698 4149 Aeseh.
1725 4082 1880 4163 Sept:
1900 4100 1993 4148 etr.
2018 4092 2187 4148 Theb.
2215 4090 2318 4150 τώς
2349 4109 2422 4143 νιν
2464 4087 2597 4149 Ζεὺς

239 4180 476 4256 νεμέτωρ
502 4181 665 4234 ἐπίδοι
684 4186 950 4241 κοταίνων.
1100 4189 1107 4197 “

381 4267 439 4336 2)
476 4266 645 4321 Aliter
665 4266 908 4339 Engerus
944 4271 997 4323 in
1032 4286 1256 4323 censura
1293 4268 1536 4322 editionis
1573 4266 2020 4329 Hermannianae,
2056 4264 2110 4318 in
2140 4264 2296 4317 Jahn.
2333 4280 2452 4318 ann·
2475 4261 2597 4314 loco
2637 4316 2640 4337 k

243 4353 462 4423 saepius
488 4353 601 4424 jam
640 4352 827 4420 citato,
850 4372 970 4426 pag.
995 4355 1121 4422 383,
1148 4355 1215 4413 de
1238 4354 1482 4414 hocloco
1505 4352 1857 4425 judicaverat,
1893 4351 1988 4405 sed
2013 4349 2064 4404 αἱ
2087 4348 2316 4421 δεύτεραι
2340 4346 2596 4420 φροντίδες

244 4435 491 4492 meliores
516 4438 683 4495 fuere.
