3003 4880
443 562 508 657 6)
565 566 802 637 Horat.
848 560 1045 638 carm.
1075 566 1150 648 1.,
1180 566 1242 652 7,
1273 566 1354 637 27
1388 569 1543 661 jure
1571 564 1946 638 Meinekius
1986 565 2239 658 recepit
2280 550 2772 636 Bentleianam‘

573 670 1131 740 emendationem:

705 774 803 841 nil
848 775 1341 865 desperandum
1370 775 1639 844 Teucro
1671 776 1843 845 duce
1873 782 1940 843 et
1969 774 2245 863 auspice
2270 772 2632 840 Phoebo.

447 877 511 964 7)
570 876 841 966 Dialogi
878 877 1245 959 Platonici,
1302 880 1421 970 qui
1460 879 1824 964 inscriptus
1853 887 1959 946 est
1994 878 2443 966 Protagorae,
2496 873 2747 965 prima-

568 981 737 1048 rium
767 980 1118 1048 consilium
1144 984 1221 1052 id
1251 983 1522 1052 videtur
1549 1004 1730 1063 esse,
1769 991 1848 1050 ut
1879 982 2224 1060 doceatur,
2254 980 2570 1051 virtutem
2599 997 2750 1043 esse

441 1111 445 1115 ·
573 1083 941 1151 scientiam.
1020 1106 1025 1111 ·

445 1185 511 1268 8)
567 1185 842 1275 Dialogi
871 1187 956 1254 de
996 1189 1383 1283 oratoribus
1421 1188 1664 1277 scripti
1699 1195 2041 1255 auctorem
2071 1208 2210 1253 non
2239 1206 2388 1253 esse
2415 1182 2756 1260 Tacitum,

570 1289 1038 1378 probabilibus
1069 1292 1488 1380 argumentis
1519 1291 1695 1358 effici
1723 1291 1978 1380 nequit.

447 1392 510 1472 9)
568 1392 648 1459 In
675 1392 893 1461 Tacit.
909 1392 1129 1462 Germ.
1160 1417 1307 1483 cap.
1344 1395 1403 1462 3.
1432 1402 1597 1483 post
1622 1395 1792 1462 haec
1820 1393 2060 1462 verba.
2111 1392 2238 1472 „ab
2270 1391 2389 1458 illo
2421 1388 2756 1456 constitu·

576 1506 716 1563 tum
773 1495 1370 1587 nominatumque“
1431 1497 1744 1569 lacunam
1785 1518 1934 1567 esse
1976 1502 2160 1565 recte
2199 1493 2553 1560 Pontanus
2589 1490 2764 1558 indi·

439 1653 445 1658 .
582 1599 783 1667 cavit.
1559 1626 1566 1637 ·

410 1700 514 1785 10)
573 1703 881 1770 Carmina
933 1703 1302 1773 Theotisca
1354 1704 1561 1772 medii
1625 1705 1808 1781 aevi,
1890 1724 2066 1792 quae
2120 1702 2249 1769 sub
2301 1696 2580 1767 Henrici
2638 1695 2755 1764 VI.

441 1818 450 1827 ·
575 1805 954 1883 Staufensis
997 1807 1417 1896 imperatoris
1446 1808 1724 1875 nomine
1762 1806 2102 1886 feruntur,
2115 1806 2230 1881 ab
2270 1804 2438 1871 hoc·
2431 1800 2757 1892 principe

572 1932 713 1976 non
742 1932 885 1976 esse
915 1911 1303 1999 composita,
1334 1911 1777 1981 validissimis
1805 1909 2216 2023 argumentis
2243 1929 2462 1997 nuper
2477 1905 2755 1972 demon-

579 2010 820 2080 stravit
847 2008 938 2080 M.
973 2014 1332 2104 Hauptius.

413 3963 482 4027 ad
514 3990 638 4048 pag.
672 3969 765 4040 44,
796 3968 831 4026 l.
868 3967 948 4028 18.
1008 3925 1234 4026 Poetam
1276 3876 1740 4042 plmgidnssffeig
1753 3963 1951 4019 dixisse
1991 3960 2197 4039 φόνους,
2248 3953 2482 4033 quamvis
2507 3913 2574 4013 dc
2597 3952 2761 4013 unius

411 4065 617 4113 tantum
647 4056 868 4112 hominis
903 4058 1068 4113 caede
1100 4071 1277 4112 sermo
1314 4055 1409 4122 sit,
1453 4071 1610 4132 nemo
1645 4051 1947 4117 mirabitur,
1995 4066 2112 4103 cum
2142 4065 2251 4100 vox
2283 4062 2420 4118 quae
2445 4052 2529 4099 est
2554 4045 2748 4117 φόνοισι

410 4145 786 4289 praexlesgernt,
832 4159 1056 4219 quacum
1100 4141 1209 4202 hon
1255 4142 1422 4219 φόνον,
1478 4140 1578 4199 sed
1624 4140 1808 4216 φόνους
1856 4135 2092 4212 copulari
2133 4125 2401 4191 rhetorica
2445 4128 2749 4207 symmetria

412 4238 541 4310 post
595 4248 628 4290 a
666 4238 737 4288 at.
2029 4277 2035 4282 .
