3003 4880
209 604 423 666 „nam
454 579 646 674 quod
678 607 779 652 me
806 580 942 652 hou
974 605 1252 678 quoque
1280 583 1355 648 in
1383 588 1626 654 ornatu
1658 578 1853 652 valde
1898 577 2188 650 derisam
2238 573 2322 650 ab
2355 572 2584 654 amicis

209 689 512 758 inimicis
573 688 963 777 conspexit,
1024 709 1163 753 non
1223 686 1536 773 ambigue
1593 685 1739 771 ejus
1786 694 2066 754 ornatus
2114 686 2363 756 vindex
2409 698 2575 766 est‚“

215 813 455 881 pauca
497 791 784 860 dicenda
825 798 1003 858 sunt.
1093 788 1518 875 Quamquam
1561 788 1746 854 enim·
1780 809 1921 856 eam
1965 789 2389 877 rejiciendam
2431 813 2582 862 esse

208 896 368 982 jam
397 893 863 967 intelleximus,
895 901 1115 958 tamen
1148 889 1316 978 quid
1343 889 1634 958 voluerit
1647 889 2073 960 Hermannus
2103 893 2579 978 explicandum

231 1005 370 1075 θεῖ-,ς
418 1018 575 1062 nam
608 998 725 1085 qui
754 1018 903 1066 eum
935 994 1344 1071 refutarunt,
1387 991 1790 1060 Welckerue
1834 994 1925 1075 (in
1954 1016 2119 1062 mus,
2152 994 2367 1062 Rhen.
2397 996 2442 1067 l.
2476 1001 2579 1080 c.),

230 1097 547 1187 Engerus
590 1100 687 1185 (in
728 1099 928 1170 Jahn.
973 1119 1126 1166 ann.
1164 1096 1210 1161 1.
1245 1099 1358 1181 c.),
1400 1095 1808 1162 Wielelerus
1850 1096 1959 1181 (iu
1988 1097 2183 1164 notit.
2213 1098 2384 1165 liter.
2420 1099 2581 1168 Got-

245 1200 407 1289 ting.
436 1200 482 1266 1.
516 1202 596 1287 c.)
614 1249 630 1279 ,
662 1223 806 1270 non
832 1211 1044 1278 recte,
1090 1220 1266 1287 quae
1294 1199 1661 1266 Hermanni
1692 1199 2020 1266 sententia
2048 1199 2281 1279 fuerit,
2312 1224 2587 1290 perspe-

233 1291 419 1376 xisae
479 1302 808 1370 videntur.
897 1304 1126 1370 Herm.
1169 1302 1576 1370 vocabulum
1628 1305 1822 1389 μαι-ἥρ
1870 1322 1954 1368 ex
2003 1301 2350 1391 Hesychio
2404 1328 2584 1372 sum-
2623 1325 2630 1330 ·

230 1406 389 1494 psit,
423 1407 541 1493 qui
568 1407 642 1473 id
667 1408 964 1495 explicat
992 1429 1115 1495 per
1146 1407 1479 1486 ἐπίσκοπος,
1515 1408 1824 1492 ἐπιζητῶν,
1858 1407 2192 1493 ἐρευνητής.
2251 1408 2586 1495 Equidem

234 1509 374 1575 hoc
402 1508 607 1578 modo
633 1509 1004 1578 Hermanni
1033 1510 1652 1597 interpretationem
1681 1508 2013 1598 intelligo.
2079 1503 2371 1597 „Apoll'o
2403 1523 2589 1578 veste

238 1612 649 1682 sacerdotali
707 1636 806 1689 me
855 1612 1013 1680 olim
1075 1615 1460 1693 exornavit3
1521 1636 1700 1682 nunc
1745 1634 1928 1688 vero,
1958 1634 2101 1677 eam
2145 1612 2306 1686 mihi
2349 1635 2589 1682 rursus

242 1714 627 1782 ademturus
670 1738 817 1788 esse
862 1715 1164 1796 videtum
1206 1738 1363 1782 nam
1396 1737 1474 1782 eo
1511 1716 1700 1803 quod
1738 1736 1982 1802 passus
2029 1722 2165 1793 est,
2224 1737 2327 1786 me
2371 1728 2588 1788 vatem

244 1838 462 1896 suam,
497 1819 818 1898 derideri,
860 1820 997 1888 hoc
1016 1821 1158 1908 jam
1187 1819 1545 1896 indicavit,
1590 1842 1663 1884 se
1693 1818 1823 1885 hac
1854 1817 2199 1905 dignitate
2220 1840 2456 1885 rursus
2485 1843 2590 1888 me

250 1920 636 1998 orbaturum
663 1944 928 2012 suoque
954 1933 1200 1996 ornatu
1224 1930 1581 1996 exuturum
1604 1909 1823 2000 esse'3“
1852 1921 1989 1987 hoc
2017 1921 2224 2010 igitur
2248 1922 2448 1992 dixit:
2482 1950 2592 2011 μα-

242 2026 351 2113 τὴρ
383 2033 486 2091 est
514 2025 719 2113 hujus
754 2033 1067 2105 ornatus;
1131 2026 1292 2115 quia
1323 2048 1471 2091 eum
1517 2036 1858 2115 tamquam
1901 2025 2197 2091 debitum
2243 2027 2589 2113 quoddam

236 2128 432 2217 quod
464 2128 553 2196 sit
577 2128 1025 2208 reddendum,
1056 2130 1284 2219 exigit.
1397 2128 1673 2196 Vindex
1703 2129 1876 2194 enim
1915 2129 1988 2194 in
2028 2129 2579 2215 interpretatione

165 2294 175 2306 ,
243 2231 622 2296 Hermanni
663 2255 1093 2321 nequaquam
1138 2232 1497 2320 (siquidem
1542 2234 1791 2321 egregii
1834 2232 1960 2302 viri
1990 2234 2381 2309 sententiam
2410 2243 2591 2310 recte

244 2329 589 2417 intelligo)
649 2334 977 2422 significat
1046 2336 1332 2406 ultorem
1394 2336 1500 2404 vel
1557 2342 1950 2423 patronum,
2021 2336 2114 2410 id
2173 2337 2364 2424 quod
2424 2338 2587 2406 dicit

252 2429 684 2516 Welckerus3
728 2437 848 2505 sed
874 2443 1050 2511 sicut
1082 2443 1345 2530 μαστήρ,
1378 2462 1546 2519 eum,
1581 2439 1700 2527 qui
1732 2462 1845 2506 aes
1878 2439 2163 2509 alienum
2197 2462 2236 2506 a
2266 2442 2589 2513 debitori

247 2537 382 2605 bus
414 2538 720 2627 exigebat
760 2542 833 2625 (i.
869 2567 930 2633 q.
965 2549 1238 2634 ζητητής,
1270 2546 1612 2630 συλλογεύς,
1658 2543 1741 2613 cf.
1771 2543 2202 2619 Schoema'nn
2232 2547 2441 2635 antiq.
2475 2547 2589 2620 Gr.

242 2661 316 2728 p.
349 2639 522 2727 420).
605 2644 763 2711 Non
806 2656 985 2715 esset
1024 2649 1192 2719 haec
1232 2651 1418 2719 bona
1447 2647 1846 2735 explicatio,
1879 2647 2113 2717 melior
2142 2657 2362 2719 tamen
2379 2673 2593 2738 quam

246 2765 335 2811 ea
364 2766 538 2832 quae
558 2747 949 2819 Hermanno
979 2753 1068 2819 ab
1101 2753 1236 2819 illis
1267 2752 1514 2821 criticis
1546 2752 1878 2821 tribuitur

419 2848 790 2940 Singularis
835 2864 939 2927 eet
983 2856 1181 2927 etiam
1225 2855 1545 2923 Karsteni
1589 2854 1939 2933 sententia,
1972 2854 2092 2942 qui
2121 2855 2319 2927 etiam
2347 2857 2464 2927 hic
2490 2824 2590 2927 te

243 2970 427 3023 mere
468 2958 783 3037 mutavit,
830 2958 1134 3029 scribens
1162 2981 1292 3047 pro
1340 2959 1704 3031 ἐποπτεύσας
1732 2959 1800 3027 δέ
1827 2983 1924 3043 με·
1956 2960 2297 3031 ἀποπτύσας
2324 2963 2385 3027 θ’
2419 2964 2592 3050 ὁμοῦ.

242 3053 405 3136 Qua
441 3058 712 3129 tandem
756 3061 842 3129 de
883 3085 1095 3133 causa
1137 3063 1321 3133 dicat
1367 3061 1779 3139 Cassandra,
1824 3061 2254 3149 Apollinem
2236 3087 2456 3151 ipsam
2486 3090 2590 3139 re-

238 3162 535 3249 spuere?
582 3170 650 3233 et
694 3165 753 3233 si
794 3166 929 3237 hoc
969 3170 1205 3246 tac‘iat,
1248 3189 1371 3233 cur
1411 3166 1547 3235 hoc
1588 3160 1795 3237 faciat
1833 3167 2017 3252 ὁμοῦ,
2048 3166 2092 3234 i.
2127 3189 2180 3236 e.
2225 3168 2382 3239 dum
2426 3171 2588 3241 mihi

239 3268 607 3355 χρηστηρίαν
640 3269 872 3356 ἐσθῆτα
902 3273 1132 3339 exuit?

414 3370 807 3458 Sequuntur
826 3374 1028 3441 haec:
1054 3385 1173 3458 (vs.
1196 3374 1380 3457 1232)
1410 3375 1750 3461 καλουμένη
1781 3375 1847 3440 δε
1876 3375 2086 3460 φοιτὰς
2113 3381 2197 3446 ὡς
2229 3378 2512 3464 ἀγύρτρια

1399 3481 1643 3566 πτωχὸς
1665 3482 1909 3545 τάλαινα
1939 3479 2226 3566 λιμοθνὴς
2254 3482 2592 3569 ἠνεσχόμην

247 3595 427 3661 quae
444 3575 714 3645 diverso
745 3580 950 3645 modo
983 3582 1420 3670 explicantur.
1482 3582 1906 3651 Hermannus
1937 3582 2034 3649 sic
2051 3584 2257 3649 verba
2284 3585 2592 3653 distinxit

238 3685 315 3742 et
343 3678 825 3766 interpretatus
857 3690 988 3749 est:

789 3788 1128 3874 καλουμένη
1161 3790 1228 3855 δὲ
1259 3790 1487 3875 φοιτάς,
1521 3795 1601 3859 ὡς
1636 3790 1938 3877 ἀγύρτρια,

789 3891 1052 3978 πτωχός,
1082 3895 1347 3971 τάλαινα,
1378 3896 1688 3981 λιμοθνής,
1718 3893 2057 3981 ἠνεσχόμην

240 3986 697 4069 ,‚sustinui‚
728 3995 1055 4074 misera,
1104 3997 1347 4083 quasi
1391 3996 1891 4064 circulatrix
1936 3999 2216 4064 vocari
2260 3999 2581 4078 insana,

241 4087 650 4170 mendica,
680 4094 891 4165 fame
919 4100 1328 4186 peritura.
1417 4099 1785 4167 Enumerat
1813 4101 2149 4178 convicia,
2198 4101 2425 4189 qualia
2445 4104 2589 4190 jaci

202 4192 314 4258 *in
356 4193 809 4268 circulatrices
855 4202 1184 4270 soleantst‘
1202 4239 1333 4255 ---
1336 4203 1439 4268 In
1486 4203 1734 4291 quibus
1781 4204 2062 4290 primum
2091 4204 2227 4270 hoc
2259 4205 2588 4292 displicet,

244 4298 437 4387 quod
467 4299 597 4367 tria
625 4300 745 4367 illa
774 4308 1100 4385 convicia,
1134 4307 1383 4396 quibus
1417 4307 1800 4375 Cassandra
1830 4306 1960 4373 sibi
1990 4307 2415 4374 maledictum
2447 4330 2593 4375 esse

240 4412 696 4496 conqueretur
753 4414 964 4498 φοιτάς
1021 4450 1105 4464 -
1161 4414 1535 4504 πτωχός-
1577 4413 1883 4502 λιμοθνής,
1943 4433 2084 4479 non
2125 4394 2208 4485 et
2265 4434 2389 4501 par
2451 4419 2594 4481 erat
