3003 4880
1331 395 1424 476 31

195 615 409 699 gntae
458 613 634 683 sunt,
678 605 852 674 sicut
883 603 1202 693 κάλωμένη
1234 603 1508 671 Heathii
1552 602 1766 693 (quod
1795 607 2047 695 recepit
2076 547 2455 688 Schiitzius)
2487 612 2553 673 et

192 711 555 798 κακουμένη
601 710 790 799 quod
830 709 1004 777 inter
1046 709 1218 777 alios
1257 707 1635 775 Karstenus
1678 709 2010 795 probavit.
2103 708 2412 798 Engerus
2456 711 2557 776 sie

197 816 450 884 edidit:
486 816 825 902 καλουμένη
841 815 928 892 δέ,
961 813 1176 901 φοιβὰς
1206 811 1355 890 οὖσ’,
1382 813 1937 899 ἀγύρτριαπτωχὸς,
1967 815 2232 893 τάλαινα,
2263 815 2551 900 λιμοθνὴς

194 920 576 1008 ἠνεσχόμην,
633 921 701 984 in
763 939 900 1006 qua
955 901 1245 982 lectione
1293 914 1436 1002 jam
1479 914 1550 979 id
1594 915 1956 1001 permirum
2000 924 2121 994 est,
2183 916 2374 1005 quod
2415 938 2557 984 vox

202 1026 460 1090 τάλαινα
504 1023 680 1088 inter
722 1020 1029 1087 convicia
1059 1025 1179 1096 est,
1213 1018 1462 1105 quibus
1495 1018 1920 1085 Cassandrae
1944 1019 2372 1087 maledictum
2404 1042 2556 1086 esse

203 1126 465 1193 statuit.
500 1166 582 1175 —

331 1209 769 1331 Cassandraaef
809 1226 899 1292 ob
940 1229 1109 1289 duas
1158 1243 1397 1288 causas
1443 1224 1621 1290 sibi·
1602 1248 1672 1290 ιιι
1700 1225 1997 1313 lugendo
2026 1227 2332 1293 miseram
2374 1247 2561 1294 suam

204 1339 458 1400 sortem
494 1329 1001 1417 temperandum
1044 1348 1193 1392 esse
1224 1333 1480 1405 censet3
1541 1329 1822 1420 primum
1869 1329 2057 1417 quod
2099 1330 2271 1395 sciat
2310 1351 2384 1397 se
2424 1353 2566 1396 non

200 1436 492 1504 inultam
528 1455 677 1499 esse
705 1433 1091 1498 morituram
1132 1429 1886 1512 (vss.1238-—-44),tum
1934 1433 2248 1519 quoniam
2291 1454 2376 1499 ne
2415 1434 2568 1504 aliis

70 1571 78 1592 ι
203 1539 488 1626 quidem
515 1536 750 1602 melior
780 1554 931 1600 sors
958 1552 1161 1621 quam
1189 1533 1329 1620 ipsi
1358 1533 1690 1600 ceciderit.
1753 1534 2317 1622 (vss.1246-48)
2386 1535 2568 1602 Huic

205 1642 399 1709 alteri
431 1641 807 1707 sententiae
840 1637 1204 1723 praemittit
1232 1634 1414 1702 hunc
1446 1658 1740 1703 versum·

593 1746 714 1827 (vs.
748 1740 951 1820 1245.)
1010 1742 1076 1804 τί
1093 1739 1223 1825 δῆτ’
1253 1741 1371 1823 ἐγὼ
1402 1743 1679 1810 κάτοικος
1710 1744 1817 1807 ὧδ’
1820 1742 2157 1821 ἀναστένως

385 1845 744 1914 Consolari
775 1866 847 1909 se
880 1842 1386 1931 quodammodo
1417 1844 1681 1932 sibique
1710 1845 2120 1932 persuadere
2148 1843 2396 1923 studet,
2427 1821 2572 1912 non

217 1949 410 2015 nimis
442 1949 794 2016 adversam
827 1954 1074 2012 sortem
1106 1968 1178 2012 se
1206 1954 1473 2012 nactam
1506 1968 1667 2014 esse.
1754 1947 1951 2013 Sed
1935 1971 2002 2013 m
2041 1949 2178 2013 hoe
2217 1970 2418 2014 versu
2454 1970 2571 2014 vo-

216 2054 530 2119 cabulum
559 2056 833 2120 κάτοικος
863 2060 1044 2115 stare
1072 2069 1212 2114 non
1235 2065 1443 2135 posse
1468 2049 1777 2139 plerique
1796 2050 2048 2116 dudum
2065 2051 2568 2129 intelle-'xerunt3

209 2156 545 2222 insulsum
590 2157 759 2221 enim
805 2162 908 2219 est
955 2172 1158 2239 quam
1200 2152 1503 2229 maxime,
1554 2153 1634 2221 cf.
1678 2175 1853 2240 quae
1893 2153 2249 2241 Emperius
2291 2155 2364 2219 in
2407 2153 2569 2220 diar.

219 2258 432 2342 antiq.
465 2258 649 2333 1835,
679 2279 742 2341 p.
772 2255 895 2321 632
925 2255 1198 2330 monuit.
1288 2254 1728 2342 Conjectura's
1773 2256 1887 2321 alii
1918 2255 2085 2321 alias
2115 2255 2567 2344 protulerunt,

226 2355 543 2421 nonnulli
570 2357 911 2444 pessimas,
954 2365 1031 2424 ut
1059 2358 1377 2435 Auratus,
1425 2360 1544 2447 qui
1570 2360 1851 2447 πρόοικος
1880 2359 2110 2426 voluit.
2194 2358 2413 2426 Multo
2443 2381 2574 2425 me·

223 2458 361 2524 lius
392 2459 805 2526 Wieselerus
833 2462 1097 2548 scripsit
1126 2465 1401 2530 κάκοιτος
1431 2463 1525 2547 (ἰιι
1553 2462 1795 2529 Philol.
1825 2472 1979 2530 tom.
2014 2462 2181 2541 VII„
2213 2484 2367 2552 pag,
2402 2463 2566 2543 125),

214 2562 575 2650 Exuperius
617 2565 656 2630 L
687 2564 727 2632 l.
759 2567 819 2630 τί
841 2566 950 2651 δῆτ
978 2567 1096 2651 ἐγὼ
1127 2566 1249 2633 κατ’
1281 2566 1460 2645 εἰκός,
1503 2566 1593 2652 (h.
1625 2589 1674 2634 0.
1703 2568 1855 2632 κατὰ
1884 2568 1943 2631 τί
1966 2566 2162 2653 εἰκός).
2247 2564 2569 2654 Aeschyli

216 2684 482 2733 manum
511 2668 851 2734 lenissima
880 2672 1268 2748 mutatione,
1312 2688 1517 2735 unam
1558 2669 1892 2736 litei-ulam
1938 2668 2314 2745 inserend0‚
2359 2668 2567 2735 Scali-

222 2790 341 2857 ger
370 2769 623 2837 dudum
652 2772 961 2849 restituit,
1007 2774 1369 2861 conjiciens
1399 2776 1727 2859 κάτοικτος,
1776 2771 1965 2860 quod
2007 2792 2048 2835 a
2088 2770 2312 2836 multis
2341 2771 2566 2859 negle-

221 2879 403 2938 ctum
433 2874 815 2941 novissimis
848 2874 1219 2940 editoribus
1250 2876 1526 2962 placuit.
1618 2876 1771 2957 Qua
1823 2873 2111 2939 lectione
2154 2895 2238 2938 ne
2284 2874 2435 2961 quis
2482 2894 2563 2939 eo

218 2974 618 3055 offendatur,
666 2978 859 3066 quod
903 2982 1028 3043 hoc
1065 2978 1478 3043 vocabulum
1524 2977 1682 3043 alibi
1723 2997 2059 3064 nusquam
2099 2975 2348 3064 legitur
2377 2978 2568 3064 apud

214 3077 515 3145 Graecos
547 3081 938 3168 scriptores,
982 3079 1492 3146 Schoemannus
1523 3098 1674 3168 pag.
1707 3086 1744 3144 6
1777 3078 2052 3156 monuit,
2096 3081 2291 3145 etiam
2329 3100 2565 3144 vocem

217 3179 505 3259 ἔποικτον,
569 3202 770 3271 quam
814 3183 885 3246 in
932 3183 1158 3271 Agam.
1187 3205 1284 3249 VS.
1316 3182 1440 3249 582
1484 3182 1787 3272 legimuS,
1836 3182 1987 3254 ἅπαξ
2033 3184 2340 3270 εἰρημένην
2399 3202 2564 3260 0330,

217 3305 413 3370 quam
449 3285 897 3353 casaubonus
928 3307 1069 3350 non
1100 3285 1391 3351 debebat
1420 3292 1676 3351 mutare
1713 3287 1781 3350 in
1813 3286 2088 3362 ἐπακτόν,
2122 3284 2311 3374 quod
2341 3283 2560 3350 Blom·

209 3384 477 3455 fieldius
507 3388 777 3473 recepit.
864 3382 1240 3476 Utrumque
1270 3389 1697 3465 vocabulum,
1744 3375 1809 3455 et
1840 3388 2118 3460 ἔποικτος.
2139 3400 2211 3456 et
2238 3390 2565 3465 κάτοικτος,

208 3491 565 3579 analogiae
605 3508 749 3561 non
781 3503 1134 3577 repugnat,
1177 3494 1272 3557 ita
1313 3500 1390 3555 ut
1417 3491 1718 3556 Lexicon
1745 3490 2193 3582 Aeschyleum
2240 3493 2381 3557 sine
2427 3490 2567 3557 ulla

207 3591 635 3659 dubitatione
675 3590 1012 3657 vocabulo
1059 3594 1248 3680 quod
1291 3603 1393 3659 est
1421 3596 1728 3664 κάτοικτος
1758 3592 2174 3683 locupletare
2207 3595 2564 3707 possimus.

203 3693 342 3760 Sed
371 3696 556 3761 hanc
587 3691 980 3764 lectionem:

790 3798 850 3861 τί
873 3799 1001 3884 δῆτ’
1035 3798 1153 3883 ἐςὼ
1185 3802 1492 3870 κάτοικτος
1525 3802 1611 3864 ὧὸ
1616 3800 1970 3879 ’ἀναστένως

207 3897 520 3983 equidem
584 3900 777 3967 aliter
834 3922 1074 3967 censeo
1136 3902 1604 3989 explicandam
1666 3924 1813 3967 esse
1872 3925 1951 3968 ac
2012 3903 2406 3992 plerumque
2476 3902 2565 3968 fit.

100 4002 107 4019 ’
207 3997 719 4070 Schoemannus
779 4024 921 4069 eam
967 4002 1478 4090 interpretatur:
1539 4004 1765 4086 „Quid
1807 4027 1933 4093 ego
1978 4007 2075 4071 sic
2119 4004 2566 4071 lamentabilis

208 4103 683 4188 conqueror?u
769 4105 877 4172 Ita
906 4107 1100 4173 etiam
1133 4104 1701 4174 Schneidewinus.
1801 4107 1939 4173 Sed
1981 4116 2143 4174 tunc
2185 4109 2433 4186 nescio,
2480 4129 2567 4172 an

209 4201 449 4268 melius
523 4225 671 4270 cum
726 4207 1082 4291 ‚Karsteno
1156 4207 1523 4275 scribatur:
1596 4211 1656 4274 τί
1708 4212 1837 4296 δῆτ’
1897 4211 2015 4298 ἐγὼ
2075 4214 2379 4277 κάτοικτον
2456 4210 2565 4276 ὧδ’

206 4306 549 4386 ἀναστένως
580 4308 1005 4377 lamentabile
1038 4334 1301 4402 queror,
1331 4309 1394 4379 h.
1426 4334 1477 4380 e.
1505 4308 1993 4380 lamentabilem
2026 4314 2342 4403 gemitum
2374 4309 2562 4380 edo.“

178 4411 300 4545 ‘At
330 4432 471 4478 non
503 4420 665 4501 apte
692 4411 860 4480 haec
891 4414 1074 4482 notio
1106 4417 1240 4482 hoc
1269 4416 1423 4484 loco
1456 4423 1646 4483 tanto
1679 4438 1884 4503 opere
1915 4416 2381 4501 extolleretur3
2414 4438 2564 4483 cum
