3003 4880
1556 366 1660 446 eo

436 572 563 649 mir
600 572 710 645 ffir
748 573 959 644 meine
999 569 1549 665 Herbeifiihrung
1589 597 1673 642 zu
1712 570 2021 644 rachen.“
2060 612 2130 627 --
2181 568 2319 640 Sed
2359 568 2528 661 quid
2567 568 2918 662 signi-

439 682 598 749 ficiat
628 680 984 767 ἐπεύχεταιῖ
1012 679 1406 754 Kantanos,
1441 679 1560 765 qui
1588 684 1657 743 in
1682 699 1778 745 vs.
1812 677 1973 745 1222
2006 677 2090 743 de
2111 678 2608 765 Agamemnone
2661 696 2918 743 non

440 805 585 853 esse
645 783 1074 872 cogitandum
1131 789 1312 849 recte
1362 779 1872 859 animadvertit,
1931 782 2440 868 interpretatur:
2513 787 2912 865 ‚,optat,

438 895 604 953 vota
629 876 939 957 fheit.“-
970 886 1121 951 Hoc
1149 884 1390 951 falsum
1424 891 1559 961 est3
1591 905 1743 948 nam
1772 884 2045 949 verbum
2079 884 2462 970 ἐπεύχεσθαι,
2491 883 2546 947 si
2578 882 2910 969 sig-ni·-

438 988 623 1061 ficut:
680 996 1003 1075 optare,
1062 987 1439 1053 necessario
1501 985 2046 1074 conjungendum
2092 994 2194 1054 est
2235 990 2384 1051 cum
2440 982 2890 1052 infinitivo

436 1092 727 1180 alicujus
768 1090 988 1167 verbi,
1049 1089 1239 1177 quod
1279 1089 1476 1157 talem
1521 1090 1851 1155 actionem
1892 1089 2240 1177 exprimat,
2300 1110 2499 1177 quam
2536 1108 2714 1154 non
2789 1090 2880 1156 is

437 1197 586 1283 ipse
616 1200 794 1282 agat,
828 1193 946 1282 qui
973 1194 1316 1280 ἐπεύχεταις
1352 1192 1450 1257 ita
1474 1200 1553 1258 ut
1565 1199 1743 1258 recte
1758 1191 2416 1279 quidemdiceretur:
2449 1192 2871 1279 ἐπεύχομαι
2951 1214 2952 1217 ’

441 1303 614 1364 τοῦτο
646 1297 944 1382 γενέσθαι,
986 1297 1026 1362 i.
1057 1319 1106 1363 e.
1136 1302 1326 1383 opt0,
1357 1305 1434 1361 ut
1462 1295 1597 1361 hoc
1626 1283 1774 1373 ffat3
1815 1294 2168 1361 falsissime
2210 1318 2403 1362 vero:
2449 1297 2863 1384 ἐπεύχομαι

443 1407 617 1467 τοῦτο
674 1406 941 1486 ποιῆσαι,
1000 1421 1126 1487 pro
1184 1396 1351 1465 hoc:
1410 1398 1572 1465 volo
1631 1396 1766 1462 hoc
1822 1396 2057 1464 facere.
2153 1397 2292 1464 Sed
2348 1398 2518 1465 haec
2574 1402 2855 1469 verba

439 1506 773 1592 ἐπεύχομαι
800 1510 1046 1590 ποιῆσαι
1076 1501 1241 1570 nihil
1272 1501 1458 1568 aliud
1487 1509 1781 1589 possunt
1809 1500 2205 1588 significare,
2237 1523 2436 1590 quam
2465 1509 2594 1568 aut
2618 1502 2794 1572 hoc
2814 1534 2842 1571 ε

444 1628 744 1685 voveo,
788 1629 889 1676 me
932 1606 1064 1673 hoc
1109 1605 1440 1673 facturum
1472 1627 1638 1683 esse,
1683 1613 1830 1671 aut:
1864 1604 2222 1692 glorior,
2271 1605 2459 1691 quod
2494 1606 2831 1694 aliquam
2953 1620 2954 1657 ¹

447 1734 582 1777 rem
615 1711 739 1777 feci
772 1709 878 1776 vel
906 1709 1101 1779 facio,
1186 1709 1289 1775 Ac
1318 1708 1406 1774 de
1436 1715 1599 1776 voto
1631 1707 2198 1804 Clytaemnestra
2225 1709 2546 1795 cogitare,
2579 1731 2813 1798 quam
2953 1708 2954 1711 '

445 1813 754 1881 exsolvat
783 1811 990 1879 caede
1020 1811 1458 1888 Cassandrae,
1504 1812 1807 1899 ineptum
1854 1819 2062 1889 essen
2107 1811 2229 1876 sed
2267 1832 2357 1877 ne
2397 1811 2609 1877 altera
2646 1814 2810 1903 qui-

446 1917 595 1983 dem
623 1917 814 1982 verbi
852 1916 1217 2002 ἐπεύχεσθαι
1262 1915 1655 2002 significatio
1699 1913 2095 1981 sententiam
2141 1912 2282 1979 ullo
2330 1914 2536 1981 modo
2577 1914 2794 1982 feren·
2885 1916 2894 1925 ’

449 2020 600 2087 dam
634 2019 850 2085 efficit.
935 2018 1252 2109 Plerique
1294 2018 1467 2085 enim
1508 2018 2059 2104 interpretantur:
2103 2016 2442 2104 gloriatur.
2529 2018 2657 2085 Sed
2705 2028 2778 2085 ut

445 2124 575 2190 alia
622 2123 1018 2200 omittamuS,
1064 2121 1198 2188 hoc
1231 2123 1372 2208 jam
1418 2127 1702 2208 propter
1742 2120 1950 2187 verba
1993 2121 2270 2206 θήγουσα
2301 2123 2459 2207 φωτὶ
2488 2123 2761 2207 φάσγανον

442 2225 961 2313 improbandum
1004 2231 1122 2291 est.
1211 2223 1740 2312 Clytaemnestra
1779 2224 1949 2289 enim
1990 2245 2420 2310 nequaquam
2477 2224 2755 2311 ἐπεύχεται

444 2329 605 2395 dum
636 2329 862 2397 adhuc
891 2329 1038 2395 viro
1068 2328 1317 2397 ferrum
1348 2328 1548 2405 acuit.
1591 2326 1654 2392 h.
1685 2349 1736 2393 e.
1765 2327 1923 2392 dum
1953 2327 2216 2393 facinus
2245 2327 2471 2392 adhuc
2501 2348 2764 2416 praepa-

442 2439 569 2512 rat,
600 2471 683 2484 --
713 2431 1124 2519 ineptissime
1184 2431 1355 2498 enim
1414 2438 1571 2498 ante
1626 2430 1868 2498 factam
1926 2453 2067 2497 rem
2123 2429 2525 2518 gloriaretur
2551 2467 2640 2484 --
2666 2430 2779 2499 sed

443 2542 715 2624 patrato
745 2534 1064 2611 faeinore,
1095 2544 1461 2621 postquam
1492 2535 1714 2600 omnia
1746 2556 2069 2620 prospere
2099 2543 2600 2621 processerunt,
2629 2545 2781 2602 tune

447 2640 710 2706 demum
752 2637 1100 2726 gloriatur,
1160 2659 1233 2703 se
1265 2637 1524 2725 justam
1568 2657 1856 2723 poenam
1902 2638 2234 2723 exegisse3
2290 2659 2349 2703 v,
2395 2649 2784 2725 sequentem

445 2742 651 2829 hujus
681 2739 950 2806 fabulae
981 2759 1265 2815 scenam,
1311 2762 1405 2805 vs.
1438 2738 1603 2808 1332
1645 2761 1852 2827 seqq„
1896 2761 1990 2806 vs.
2025 2739 2209 2815 1366,
2255 2742 2628 2828 praecipue
2656 2765 2786 2832 yos.

450 2845 615 2914 1354
646 2865 724 2908 ac
758 2845 921 2910 1442
953 2866 1139 2933 seqq.
1216 2844 1430 2931 ‘Ergm
1460 2865 1745 2931 quoquo
1777 2843 1978 2909 modo
2010 2844 2287 2912 verbum
2322 2845 2638 2932 ἐπεύχεται
2682 2870 2792 2914 ex-

448 2947 757 3034 plicatur,
786 2947 1119 3013 sententia
1149 2950 1377 3033 inepta
1407 2946 1665 3024 evadit3
1711 2968 1930 3033 neque
1977 2947 2146 3012 enim
2189 2955 2354 3015 vota
2379 2970 2560 3036 quae
2588 2950 2794 3017 faciat

453 3049 640 3137 Clyt,
696 3070 920 3137 neque
963 3070 1172 3116 vanas
1210 3050 1357 3136 ejus
1399 3050 1813 3137 jactationes
1859 3047 2283 3138 Cassandrae
2325 3053 2793 3120 animumtam

447 3151 870 3220 vehementer
898 3173 1316 3217 commovere
1346 3151 1707 3216 verisimile
1735 3172 1808 3216 es
1821 3159 1864 3228 t,
1909 3163 1986 3216 ut
2027 3150 2112 3216 (le
2140 3152 2221 3218 iis
2251 3155 2451 3241 quasi
2479 3155 2567 3222 de
2591 3155 2794 3224 rebus

450 3253 859 3322 terribilibus
888 3254 1228 3341 loquatur.
1314 3254 1453 3322 Sed
1481 3254 1873 3320 necessario
1908 3254 1992 3319 de
2021 3247 2186 3341 ipsa‘
2201 3256 2408 3323 caede
2435 3258 2547 3324 hic
2576 3271 2789 3326 sermo

450 3378 596 3426 esse
627 3355 839 3423 debet.
881 3356 1018 3438 His
1040 3357 1247 3444 igitur
1278 3358 1455 3422 omni
1471 3356 1605 3422 bus
1633 3358 1982 3444 perpensis
2012 3357 2082 3421 in
2107 3369 2390 3430 mentem
2415 3360 2575 3430 mihi
2595 3361 2793 3440 venit,

450 3467 721 3546 poetam
751 3459 1039 3530 fortasse
1070 3459 1451 3547 scripsisse:
1687 3531 1691 3536 ,

983 3564 1397 3647 ἐπείγεται,
1428 3563 1705 3648 θήγουσα
1736 3566 1891 3649 φωτὶ
1924 3566 2249 3649 φάσγανον,
2303 3615 2308 3618 -

982 3668 1178 3752 κάμῆς
1204 3666 1445 3752 ἀγωγῆς
1479 3667 1882 3734 ἀντιτίσασθαι
1914 3668 2114 3754 φόνον.

620 3765 920 3834 Verbum
952 3770 1288 3854 ἐπείγεσθαι
1319 3768 1506 3856 apud
1536 3789 1625 3834 no
1659 3779 1872 3836 strum
1899 3769 2144 3860 legitur
2188 3771 2383 3838 etiam
2421 3772 2491 3842 in
2523 3770 2800 3860 Choeph

451 3893 544 3935 VS.
577 3869 721 3950 646,
751 3870 934 3953 Rbm.
964 3895 1061 3939 vs·
1091 3872 1192 3943 52.
1229 3857 1447 3939 ὀῧκουν
1482 3873 1693 3944 ἐπείξει
1723 3874 1912 3958 δεσμὰ
1941 3878 2099 3962 τῷδε
2125 3877 2491 3963 περιβαλεῖν;

618 3972 871 4038 Sensus
902 3975 1103 4061 igitur
1130 3975 1373 4042 horum
1390 3976 1695 4052 ‘duorum
1726 3998 2041 4044 versuum
2084 3977 2195 4048 hic
2225 3985 2357 4074 est:
2391 3976 2608 4057 „Dum
2652 3978 2792 4046 viro

452 4073 700 4141 ferrum
732 4076 927 4153 acuit,
972 4078 1167 4144 etiam
1198 4079 1331 4146 hoo
1360 4078 1756 4145 festinanter
1783 4081 1941 4168 agit,
1984 4089 2060 4146 ut
2083 4080 2563 4148 adductionem
2593 4102 2790 4152 meam

462 4176 667 4242 caede
699 4177 1092 4257 ulciscatur-3
1123 4181 1162 4246 i.
1194 4204 1245 4251 e.
1278 4189 1356 4248 ut
1386 4182 1518 4247 hoc
1550 4185 1687 4246 uno
1719 4181 1919 4258 ferre,
1949 4182 2140 4269 quod
2170 4184 2368 4262 acuit,
2411 4205 2553 4250 non
2580 4185 2792 4252 solum

453 4281 781 4357 maritum,
840 4280 962 4346 sed
1022 4283 1215 4349 etiam
1275 4305 1378 4350 me
1420 4284 1712 4352 trucidet
1767 4293 2049 4370 propter
2108 4286 2470 4356 adventum
2525 4297 2790 4358 meum.“

455 4382 613 4454 Non
673 4382 863 4454 dicit:
922 4387 1058 4479 ἡμῖν
1119 4387 1395 4473 θήγουσα
1454 4390 1790 4478 φάσγανονς
1851 4407 1993 4452 eam
2041 4389 2214 4458 enim
2256 4400 2494 4477 utpote
2537 4410 2787 4460 servam
