3003 4880
1504 333 1605 436 56

994 554 1345 653 θεοτίμητος
1370 566 1428 632 δ’
1459 564 1649 631 οἴκαδ’
1681 565 1879 632 ἱκάνει.
1975 623 1980 630 ,

950 713 957 732 .
993 675 1117 735 νῦν
1163 672 1217 735 δ’
1247 672 1302 735 εἰ
1328 671 1631 757 προτέρων
1662 671 1776 756 αἷμῖ
1812 670 2077 735 ἀποτίσει
2103 674 2226 734 eet.

551 759 629 834 In
668 772 972 857 sequenti
1014 792 1245 839 versu:
1292 775 1468 839 ἰοῦσα
1493 774 1719 861 πράξω·
1761 776 2055 860 τλήσομαι
2095 774 2165 837 τὸ
2191 771 2524 847 κατθανεῖν,
2553 767 2741 835 Her-

384 891 669 937 mannus
701 878 922 959 (quem
952 873 1513 968 Schneidewinus
1544 877 1871 963 sequitur)
1902 896 2134 943 vocem
2168 894 2342 961 quae
2371 881 2475 938 est
2501 874 2740 960 πράξω,

386 975 484 1039 sic
534 974 1044 1063 interpretatur:
1115 980 1379 1065 ,,πράξω.
1399 979 1689 1047 refertur
1739 978 1831 1046 ad
1870 991 2159 1067 sequens
2198 979 2494 1066 τλήσομαι
2531 1001 2583 1042 τ.
2613 987 2739 1055 κ.,“

382 1076 732 1142 conferens
778 1100 878 1145 vs.
925 1079 1110 1148 1640.
1195 1081 1624 1171 Languidum
1665 1103 1814 1150 esse
1840 1082 1978 1148 hoe
2003 1082 2240 1169 πράξω,-
2280 1101 2502 1168 neque
2532 1080 2733 1146 etiam

386 1178 431 1244 d
462 1179 839 1267 significare
883 1203 1122 1268 posse,
1176 1185 1369 1271 quod
1389 1184 1946 1252 Schneidewinus
1987 1185 2047 1251 ei
2077 1183 2330 1261 tribuit,
2389 1182 2546 1262 „ich
2583 1182 2734 1247 will

381 1281 554 1347 mein
586 1281 921 1350 Geschiok
952 1286 1415 1375 empfangen,“
1445 1309 1845 1375 persuasum
1871 1287 2037 1356 mihi
2067 1295 2187 1354 est.
2248 1286 2485 1354 Orenfi
2511 1286 2728 1373 πόρσω

385 1386 725 1452 notionem
756 1409 1327 1476 supervacaneam
1355 1392 1425 1458 in
1442 1392 1843 1457 sententiam
1870 1389 2090 1468 infert3
2115 1390 2329 1457 multo
2359 1389 2595 1456 melius
2626 1398 2736 1455 est

386 1487 577 1574 quod
603 1488 936 1560 Heathius
965 1494 1363 1581 proposuit,
1396 1493 1790 1571 Schiitzius‚
1831 1493 2260 1572 Dindorfius‚
2305 1493 2412 1569 al„
2455 1514 2730 1580 recepe-

383 1599 571 1668 runt,
603 1591 1157 1664 Schneidewinus
1184 1595 1455 1672 laudat,
1504 1600 1682 1663 ὶοῦσα
1706 1598 1874 1682 κάγὼ
1913 1600 2211 1685 τλήσομαι
2291 1596 2437 1661 Sed
2464 1596 2554 1662 ad
2582 1601 2731 1684 τλή-

381 1717 564 1778 σομαι
592 1694 977 1762 adverbium
1025 1698 1373 1785 quoddam
1420 1701 1862 1777 desideratur‚
1907 1721 2050 1788 quo
2081 1698 2527 1786 significetur,
2560 1700 2727 1766 Cas-

382 1796 697 1870 sandram
739 1799 960 1866 animo
1008 1800 1237 1887 quieto
1283 1823 1365 1866 ao
1407 1803 1574 1872 bene
1633 1804 2014 1890 composito
2073 1811 2352 1868 mortem
2389 1804 2726 1892 opperire.

382 1898 535 1968 Ηοσ
576 1901 871 1968 sentiens
913 1901 1292 1971 Ahrensius
1338 1906 1625 1993 conjecit
1669 1910 1839 1971 ἰοῦσα
1880 1907 2084 1992 πράως
2125 1908 2317 1993 τλήσ.,
2359 1907 2485 1973 sed
2509 1905 2723 1975 multo

385 2003 656 2070 videtur
685 2003 934 2092 aptiae,
969 2004 1156 2093 quod
1183 2005 1344 2072 mihi
1370 2015 1437 2072 in
1464 2020 1751 2076 mentem
1783 2010 1993 2075 venit:

919 2110 1067 2174 ἰοόσ’
1098 2110 1498 2196 ἀθράκτως
1526 2115 1822 2200 τλήσομαι
1853 2114 1921 2177 τὸ
1951 2114 2284 2181 κατθανεῖν.

550 2210 795 2276 Forma
822 2213 1089 2298 θράττειν
1120 2234 1249 2299 pro
1279 2218 1581 2303 ταράττειν
1611 2237 2117 2304 nonnumquam
2144 2216 2245 2282 uti
2272 2214 2526 2283 Atticos
2553 2231 2704 2277 oon·

310 2378 319 2394 ,
383 2320 555 2390 stat3
599 2314 838 2399 quidni
866 2314 1083 2403 igitur.
1099 2316 1317 2384 forma
1346 2322 1672 2407 ἀθράκτως
1703 2342 1830 2407 pro
1863 2323 2239 2409 ἀταράκτωςς

466 2413 528 2482 Ε
558 2413 1042 2506 stichomythia
1086 2442 1261 2509 quae
1302 2422 1495 2491 hanc'
1529 2424 1948 2497 Cassandrae
1985 2424 2363 2492 orationem
2403 2421 2723 2510 sequitur,

386 2539 593 2585 unum
622 2529 877 2596 tantum
906 2519 1130 2588 locum
1160 2523 1407 2612 eligere
1426 2526 1671 2613 placet,
1703 2526 1788 2592 de
1821 2549 1957 2615 q-uo
1990 2549 2210 2616 pauca
2236 2526 2522 2594 dicenda
2543 2535 2725 2590 sunt.

384 2621 505 2690 Vs.
540 2621 706 2688 1268
734 2622 900 2689 haee
934 2636 1094 2692 sunt
1122 2625 1546 2695 Cassandrae
1573 2631 1808 2697 verba:

954 2728 1136 2815 φόνον
1164 2730 1343 2817 δόμοι
1371 2733 1644 2801 πνέουσιν
1673 2736 2079 2823 αἱματοσταγῆ
2096 2761 2114 2812 3
2226 2776 2234 2785 ·

386 2826 637 2915 quibus
664 2830 1037 2918 respondet
1066 2832 1362 2902 Chorus:

917 2939 1018 3003 καὶ
1044 2944 1200 3018 πῶς;
1229 2940 1353 3007 τόδ’
1385 2941 1512 3016 ὄζει
1537 2943 1826 3028 θυμάτων
1860 2920 2175 3029 ἑφὲστίων.

513 3035 629 3102 Sio
658 3047 839 3105 reete
866 3038 1369 3131 interpungitur
1397 3066 1439 3110 a
1467 3046 1813 3133 plerisque
1843 3045 2235 3112 editoribus.
2312 3036 2738 3107 contradicit

378 3135 787 3207 Karstenus:
847 3147 990 3221 ,,καὶ
1026 3153 1185 3225 πῶςς
1232 3156 1336 3213 est
1358 3149 1698 3226 mirande,
1728 3149 2070 3238 negantis,
2121 3144 2312 3233 quod
2338 3144 2451 3210 hic
2478 3160 2729 3228 parum

384 3244 850 3319 „conveniena
923 3248 991 3315 Ν
994 3269 1087 3315 on
1114 3251 1289 3316 enim
1315 3263 1521 3340 negat
1550 3251 1835 3332 Chorus,
1868 3250 2056 3339 quod
2085 3248 2257 3315 dixit
2286 3248 2493 3323 Cass„
2521 3241 2731 3311 aedes

377 3345 600 3422 „olere
643 3350 1032 3437 sanguinem
1050 3405 1065 3431 ,
1124 3353 1248 3419 sed
1290 3354 1565 3420 odorem
1613 3354 1780 3421 dicit
1821 3378 1971 3422 esse
2014 3353 2462 3429 victimarum3
2509 3367 2726 3434 quare

377 3449 669 3528 „nullam
700 3475 848 3520 esse
878 3476 1147 3525 causam
1173 3458 1669 3529 ourhorrescat
1725 3460 2082 3526 Praeterea
2108 3456 2247 3523 τόδε
2274 3477 2416 3522 non
2436 3458 2725 3519 venusto

382 3551 493 3619 hie
521 3554 716 3622 initio
746 3559 1041 3644 positum
1073 3609 1382 3632 .......
1429 3563 1737 3629 Suadent
1764 3561 1932 3629 haee
1959 3570 2038 3628 ut
2066 3560 2470 3629 scribamus:

1190 3666 1232 3752 ἧ
1261 3691 1376 3732 που
1405 3667 1532 3732 τόδ’
1566 3667 1691 3741 ὄζει
1720 3669 1783 3755 θ.
1816 3669 1860 3743 ἐ,

382 3761 463 3848 ,,ἧ
492 3786 639 3828 πουε
670 3765 995 3846 nimirum,
1028 3789 1190 3836 sane
1220 3770 1479 3838 oredo.“
1508 3809 1576 3820 —
1607 3770 1750 3836 Sed
1779 3792 1927 3837 cum
1959 3766 2338 3837 Cassandra
2368 3763 2563 3829 dicit:
2608 3760 2730 3847 φό·

381 3889 478 3931 νον
509 3867 685 3953 δόμοι
712 3870 1013 3949 πνέουσιν,
1044 3872 1114 3938 in
1146 3882 1383 3961 aperto
1418 3883 1521 3941 est
1551 3884 1618 3942 et
1646 3875 1873 3942 Choro
1905 3883 1972 3941 et
1998 3872 2359 3956 unicuique
2391 3867 2536 3944 alii,
2580 3885 2730 3930 flam

385 3971 469 4037 de
510 3971 929 4040 hominum
978 3975 1182 4042 easde
1207 3976 1422 4066 loqui.

552 4075 844 4164 Egregia
875 4099 1035 4144 vero
1063 4079 1382 4151 Karsteni
1426 4082 1803 4151 emendatio
1836 4096 1939 4148 est
1979 4097 2216 4146 versus
2249 4076 2448 4154 1272;
2494 4071 2735 4160 „quod

390 4177 637 4267 „vulgo
667 4181 938 4269 legitur:
985 4189 1116 4253 ἀλλ’
1161 4187 1282 4274 εἶμι
1304 4188 1418 4260 ,κάν
1465 4187 1708 4274 δόμοισι
1737 4188 2074 4253 κωκύσουσ’
2106 4184 2252 4269 ἐμὴν
2283 4179 2735 4266 Ἀγαμέμνονος

388 4312 494 4364 „te
524 4295 753 4378 μοῖραν,
784 4292 1146 4380 significat:
1193 4299 1312 4372 „ut
1338 4292 1452 4359 hic
1483 4302 1639 4359 ante
1669 4291 1870 4359 aedes
1900 4289 2046 4367 feci,
2076 4288 2172 4353 ita
2202 4287 2399 4353 etiam
2427 4286 2612 4349 intus
2661 4281 2735 4345 in

390 4394 711 4473 „aedibus
724 4396 1084 4497 ‘lugubrem
1115 4406 1379 4467 cantum
1407 4396 1656 4471 edam.“
1729 4396 1822 4466 At
1852 4395 2034 4465 intus
2064 4412 2204 4463 non
2234 4388 2522 4485 amplius
2550 4383 2735 4452 futu·
