3003 4880
1517 357 1620 440 3¹4

394 567 610 647 Hans,
641 588 779 639 von
806 563 1183 636 iihnliehem
1211 560 1459 634 Unhoil
1487 568 1820 657 getroffen
1847 564 2042 636 wird.
2112 566 2274 636 Dies
2304 555 2581 649 Unheil,
2612 566 2742 658 das

397 677 505 754 die
528 676 871 744 Zerstiirer
893 672 1076 739 ihrer
1096 670 1362 738 Heimat
1385 672 1568 751 wint,
1599 681 1808 739 nennt
1834 673 1929 738 sie
1953 673 2060 738 ein
2086 671 2735 762 Gottesgericht.“—-

399 778 660 861 Quibus
692 776 1098 863 argumentis
1130 775 1262 840 alia
1289 774 1545 841 addere
1578 798 1955 862 possumus.
2027 776 2319 842 Primum
2344 777 2535 855 enim,
2568 779 2625 843 si
2654 778 2742 843 de

396 881 851 969 Trojanorum
890 879 1160 943 interitu
1214 895 1432 946 sermo
1495 891 1702 957 esset,
1746 901 2065 967 praesens
2106 863 2580 947 ἀπαλλάσσὸυσιν
2611 880 2741 946 fal-

293 1075 297 1080 ·
395 1006 541 1051 sum
574 990 779 1059 esset,
810 1003 939 1068 pro
986 1003 1123 1067 quo
1153 988 1360 1067 poeta
1390 980 1713 1047 aoristum
1744 983 2132 1068 posuisset·
2184 984 2361 1061 Tum
2391 991 2611 1050 autem
2642 985 2739 1049 in·

405 1093 636 1174 eptum
676 1094 853 1151 esset
891 1084 959 1148 τὸ
990 1089 1253 1170 πρῶτονς
1300 1083 1498 1171 quasi
1543 1084 1871 1170 oppidum
1902 1091 2100 1152 antea
2130 1086 2421 1152 deletum
2452 1092 2629 1152 esset
2659 1108 2739 1152 ac

401 1196 645 1277 postea
675 1186 984 1253 demum
966 1187 1014 1251 1i
1046 1187 1162 1273 qui
1190 1186 1263 1253 id
1290 1184 1716 1262 habitarent,
1760 1186 2140 1273 periissent!
2199 1188 2344 1253 Has
2377 1189 2464 1255 ob
2498 1209 2737 1255 causas

399 1314 537 1359 non
590 1290 826 1357 dubito
872 1289 1164 1392 probare
1202 1289 1385 1354 illam
1428 1287 1985 1365 emendationem,
2038 1292 2232 1370 εἶλον,
2289 1313 2427 1379 qua
2475 1299 2742 1380 recepta

399 1396 575 1464 haec
612 1393 873 1462 exsistit
911 1393 1273 1458 sententia.
1321 1391 1474 1474 Quo
1520 1392 1792 1458 tandem
1824 1393 1981 1479 jure
2009 1393 2108 1460 sic
2138 1413 2549 1481 conqueror,
2594 1417 2741 1461 cum

395 1499 678 1585 primam
715 1495 1002 1582 patriam
1040 1514 1255 1562 meam
1299 1493 1594 1564 deletam
1627 1495 1956 1573 viderim,
1948 1504 2193 1585 atque
2223 1497 2430 1562 etiam
2452 1498 2743 1564 victores

395 1601 515 1670 tali
556 1599 1111 1686 modo-pereant!
1149 1634 1234 1652 «-
1277 1596 1866 1676 Schneidewinus‚
1914 1601 2031 1685 qui
2059 1599 2542 1687 vulg.,retinet,
2585 1601 2746 1667 huic
2853 1617 2856 1622 ·

402 1703 727 1776 emendae
795 1700 1249 1779 contradicim·
1284 1701 1605 1788 quoniam
1663 1701 1839 1766 enim
1880 1700 2291 1789 Agamemno
2343 1701 2610 1768 insidiis
2669 1717 2746 1772 ac

407 1806 575 1876 dolo
596 1812 842 1892 captus
865 1804 1242 1872 trucidatus
1268 1804 1376 1880 sit,
1405 1804 1550 1890 ejus
1573 1812 1823 1870 sortem
1845 1826 1986 1870 non
2012 1817 2218 1890 posse
2233 1827 2356 1891 per
2379 1806 2539 1870 θεῶν
2563 1810 2746 1893 κρίσιν

410 1907 776 1980 adductam
812 1906 1151 1996 appellari
1194 1905 1561 1974 contendit.
1634 1906 1770 1972 Sed
1798 1908 2282 1994 Agamemnoni
2309 1925 2752 1998 nequaquam

390 2013 614 2101 'cfflpa
651 2029 887 2077 vacuo
940 2030 1168 2075 necem
1221 2009 1543 2076 obvenire
1583 2008 2005 2076 Cassandrae
2057 2012 2389 2078 sententia
2431 2019 2531 2078 est
2569 2012 2744 2079 siout

403 2116 623 2203 ipsius
656 2113 895 2192 Choti,
942 2114 1058 2199 qui
1098 2114 1171 2177 in
1214 2110 1515 2184 secundo
1557 2112 1819 2178 cantico
1862 2112 2050 2178 haud
2092 2113 2401 2199 ambigue
2428 2131 2736 2200 angorem

412 2240 609 2292 suum
632 2215 871 2304 prodit
886 2259 904 2292 ,
945 2237 1031 2284 ne
1058 2212 1430 2301 aliquando
1460 2215 1638 2301 regis
1663 2214 1874 2301 ,culpa
1904 2213 2560 2302 divinamquandam
2586 2229 2736 2300 poe-

404 2343 561 2398 nam
586 2319 932 2406 provocet.
1005 2317 1333 2405 Atque-in
1362 2323 1511 2392 tota
1538 2314 1864 2384 malorum
1894 2318 2082 2395 serie,
2115 2318 2360 2405 quibus
2386 2315 2744 2403 Pelopida·—

410 2444 560 2497 rum
590 2422 839 2493 demus
862 2443 1212 2511 genusque
1236 2418 1740 2497 conficiebam,
1773 2422 1844 2489 in
1874 2443 2020 2509 qua.
2039 2421 2210 2489 serie
2235 2418 2758 2508 Agamemnonis

406 2550 542 2603 nea
574 2544 782 2601 unum
825 2526 1023 2614 quasi
1050 2523 1412 2599 membrum
1443 2534 1617 2601 erat,
1659 2527 1842 2612 κρίσις
1874 2525 2205 2611 quaedam
2233 2526 2388 2593 θεῶν
2418 2523 2514 2587 ab.
2538 2523 2751 2589 omni-

372 2631 540 2705 ,bus
570 2629 998 2704 cernebatur,
1041 2634 1280 2714 estque
1307 2625 1483 2691 haec
1511 2627 1666 2714 ipsa
1694 2628 1906 2693 totius
1935 2616 2321 2716 tragoediae
2351 2645 2630 2691 summa.
2657 2658 2750 2675 --

407 2734 651 2821 Itaque
693 2730 1069 2803 emendatio
1122 2730 1238 2797 illa
1276 2730 1437 2793 εἷλον
1483 2732 1969 2815 etnecessaria
2007 2739 2075 2797 et
2117 2729 2563 2818 pulcherrima
2605 2744 2754 2793 esse

409 2836 696 2905 videtur.
767 2834 1130 2911 Permirum
1175 2854 1334 2899 vero
1391 2842 1524 2910 est,
1571 2833 1762 2920 quod
1801 2833 2094 2899 Fuhrius
2134 2837 2206 2903 in
2241 2830 2411 2903 ‘dian
2444 2830 2661 2918 antiq.
2693 2852 2753 2896 a.

417 2938 616 3014 1841,
657 2959 725 3024 p.
761 2937 884 3015 198
911 2935 1232 3022 prandit,
1269 2939 1371 3015 „o‘e
1409 2936 1629 3022 δἐἷχον
1671 2938 1838 3003 πόλιν
1883 2937 1972 3002 ad
2016 2944 2307 3023 sequens
2347 2934 2758 3020 vestibulum

412 3044 570 3107 θεῶν
611 3040 938 3128 pertinet,
981 3061 1108 3127 pro
1153 3041 1631 3105 ἀπαλλάσσουσιν
1665 3039 2091 3105 scribendum
2122 3048 2224 3103 est
2255 3026 2784 3123 ἃπαλλάσσουσαν,

416 3152 483 3210 et
520 3145 727 3211 totius
768 3143 902 3207 loci
945 3164 1182 3208 sensus
1223 3143 1399 3208 idem
1443 3143 1877 3218 statuenduS‚
1937 3163 2016 3206 ac
2059 3142 2118 3205 si
2161 3148 2398 3219 auctor
2442 3140 2755 3205 dixisset:

411 3248 579 3313 πόλιν
611 3247 726 3311 δ’ἐν
752 3247 910 3311 θεῶν
934 3248 1138 3332 κρίσει,
1171 3249 1226 3311 οἳ
1251 3246 1412 3333 εἶχον
1441 3246 1643 3331 αὐτήν,
1677 3245 1868 3314 οὕτως
1893 3242 2757 3311 ἀπαλλάσσουσαν.“-Τ31ἰ5

415 3350 773 3418 verborum
853 3351 1048 3436 quasi
1119 3349 1435 3417 distortio
1511 3349 1595 3415 ab
1665 3348 1989 3436 Aeschyli
2058 3347 2483 3434 simplicitate
2555 3345 2757 3434 plane

416 3454 757 3519 abhorret.
1486 3442 1493 3449 ⁶

580 3555 721 3620 Sed
750 3554 1051 3620 nondum
1083 3556 1247 3620 satis
1279 3555 1533 3621 dictum
1565 3563 1668 3621 est
1697 3555 1783 3621 de
1812 3555 1946 3620 hoc
1973 3554 2148 3620 loco.
2219 3552 2466 3620 Nonne
2488 3552 2756 3619 iteratio

416 3659 609 3725 vocis
665 3679 840 3746 quae
898 3667 1000 3723 est
1030 3659 1199 3723 πόλιν
1241 3661 1312 3724 in
1351 3658 1483 3723 fine
1528 3658 1809 3723 duorum
1853 3657 2404 3746 subsequentium
2442 3676 2758 3721 versuum

417 3783 688 3849 gravem
737 3761 1014 3848 praebet
1059 3760 1537 3826 offensionem?
1614 3759 1949 3848 Equidem
1994 3760 2299 3846 protecto
2342 3758 2476 3822 hoc
2520 3779 2759 3822 secun-

417 3864 578 3930 dum
607 3863 774 3930 πόλιν
806 3861 1241 3930 miserrimum
1272 3886 1416 3930 esse
1448 3885 1722 3940 censeo,
1751 3864 1850 3928 ita
1878 3870 1956 3928 ut
1982 3863 2358 3928 Karstenus
2388 3860 2762 3926 rectissime

409 3966 758 4053 judicasse
788 3966 1117 4045 videatur,
1151 3969 1270 4054 qui
1298 3967 1572 4053 primus,
1603 3966 1674 4030 ni
1701 3964 1939 4044 fallor,
1972 3964 2334 4038 editorum,
2361 3982 2635 4028 manum
2663 3962 2762 4028 illi

417 4069 756 4134 vocabulo
787 4069 1022 4135 attulit.
1096 4073 1404 4157 Apparet
1433 4070 1626 4145 enim,
1656 4068 1731 4134 id
1757 4091 1897 4134 non
1925 4089 1967 4132 a
1996 4088 2250 4133 summo
2283 4072 2516 4153 poeta,
2546 4066 2762 4154 {quem

417 4172 489 4237 in
534 4171 905 4237 scribendis
950 4173 1316 4260 tragoediis
1347 4171 1682 4237 interdum
1713 4170 2112 4236 dormitasse
2142 4190 2337 4235 nemo
2369 4168 2569 4238 facile
2599 4189 2760 4232 con-

421 4273 681 4348 tendet,
741 4274 862 4339 sed
921 4296 961 4338 a
1000 4271 1273 4340 librario
1324 4275 1654 4363 quodam,
1712 4275 1902 4361 cujus
1947 4271 2125 4337 oculi
2171 4271 2260 4338 ad
2304 4263 2762 4337 antecedentis

419 4391 655 4444 versus
695 4377 890 4445 finem
936 4377 1419 4457 aberraverint,
1462 4377 1840 4469 profectum
1885 4396 2049 4445 esse
2124 4376 2332 4445 Tales
2369 4372 2762 4442 iterationes
