3003 4880
1394 381 1442 464 7

233 607 366 675 tur,
397 614 540 664 eam
568 611 712 660 non
742 610 889 661 esse
918 590 1531 681 obtemperauit-am
1562 593 1764 684 jusso
1796 589 2381 683 Clytaemnestrae.
2471 589 2585 660 Sic

239 703 455 770 verba
484 698 606 765 ἔσω
638 705 866 787 φρενῶν
899 700 1159 784 λέγουσα
1187 693 1444 764 nullum
1476 708 1707 787 aptum
1739 715 2006 765 sensum
2038 697 2382 785 praebent,
2418 713 2591 785 quo-

248 825 389 895 quo
418 803 808 870 referuntur.
893 802 1135 890 Itaque
1162 801 1473 868 nonnulli
1505 824 1583 868 ea
1613 803 1931 869 dirimunt
1973 809 2039 868 et
2080 800 2203 866 ἔσω
2236 807 2464 888 φρενῶν
2508 799 2598 867 ad

253 928 480 975 vocem
506 929 610 974 κεκ
638 931 708 993 τη
743 907 889 992 μένῃ
933 906 1276 972 trahentes
1318 907 1740 994 conjungunt
1778 907 2038 992 λέγουσα
2069 907 2261 971 πείθω
2291 930 2374 970 νιν
2406 904 2592 993 λόγῳ,

259 1025 431 1099 quae
483 1012 654 1076 inter
714 1009 886 1074 alios
947 1007 1266 1085 Schfitzii,
1328 1007 1629 1095 Stanleji,
1702 1005 2017 1075 Karsteni
2075 1008 2405 1076 sententia
2461 1017 2595 1088 est3

220 1112 468 1184 'Karst
512 1112 775 1178 confert
801 1112 991 1181 Iliad.
1038 1114 1093 1199 β,
1136 1114 1202 1182 ὅς
1243 1111 1444 1199 ρ’ἔπεα
1500 1114 1707 1200 φρεσὶν
1757 1108 1894 1197 ’ᾗσιν
1938 1112 2181 1198 ἄκοσμά
2219 1131 2283 1177 τε
2310 1115 2506 1177 πολλά
2531 1135 2597 1177 τε

187 1227 189 1229 ’
250 1220 386 1305 ἤδη,
431 1225 498 1283 et
529 1216 860 1283 adnotat:
913 1209 1079 1295 ,,ἔσω
1112 1221 1341 1303 φρενῶν
1374 1233 1497 1303 per
1529 1216 1989 1303 pleonasmum
2033 1216 2359 1294 additum,
2404 1215 2602 1304 quale

253 1322 420 1410 quid
464 1319 783 1386 convenit
822 1319 1056 1386 irat0.“
1158 1319 1296 1386 Sed
1337 1320 1407 1385 in
1447 1319 1558 1384 his
1599 1321 1859 1405 λέγουσα
1899 1322 2092 1386 πείθω
2130 1344 2214 1386 νιν
2256 1321 2422 1407 λόγῳ
2463 1337 2606 1385 non

251 1425 455 1491 modo
516 1423 862 1510 participii
904 1424 1167 1508 λέγουσα
1211 1422 1574 1488 collocatio
1635 1423 1988 1490 offensioni
2046 1433 2167 1502 est,
2226 1424 2348 1491 sed
2407 1423 2605 1488 etiam

241 1529 572 1616 junctura
601 1527 858 1610 λέγουσα
885 1527 1063 1613 λόγῳ,
1106 1525 1195 1591 de
1238 1541 1376 1613 qua
1410 1535 1597 1592 recte
1628 1517 1977 1613 judica‘sse
2023 1527 2286 1593 videtur
2328 1525 2604 1592 Schnei⁶

125 1691 129 1698 .
255 1625 565 1695 dewinus
608 1629 675 1694 in
716 1628 909 1705 Jahn.
940 1649 1087 1695 ann.
1118 1627 1226 1695 1.1.
1256 1647 1320 1716 p.
1350 1627 1477 1694 289
1523 1631 1789 1708 „Reisst
1829 1651 1983 1695 man
2027 1629 2149 1695 ἔσω
2195 1635 2424 1717 φρενῶν
2467 1650 2606 1695 von

257 1734 522 1816 λέγουσα
549 1731 675 1809 108,
708 1751 784 1798 so
816 1733 997 1799 steht
1026 1733 1244 1797 dieses
1275 1751 1360 1796 zu
1390 1727 1593 1808 nackt
1621 1732 1765 1798 und
1791 1732 1973 1811 kahl,
2020 1733 2197 1800 deun
2225 1755 2368 1799 was
2397 1731 2600 1799 sollte

258 1838 515 1921 λέγουσα
555 1835 752 1922 λόγῳῗ
809 1830 1194 1923 Allerdings
1238 1836 1400 1923 liegt
1456 1835 1528 1899 in
1573 1833 2097 1923 clytemnestras
2138 1829 2430 1904 Worten
2490 1835 2610 1902 der

257 1953 414 2004 vom
470 1929 781 2005 Dichter*
808 1937 1298 2025 beabsichtigte
1355 1937 1812 2025 Doppelsinn,
1885 1961 1964 2005 so
2026 1939 2188 2006 dass
2247 1940 2368 2006 der
2426 1939 2608 2007 Chor

255 2037 518 2129 λέγουσα
561 2043 734 2133 λόγοι
770 2037 1139 2107 verbinden
1190 2040 1472 2119 konnte„
1536 2040 1743 2131 Clyt.
1804 2043 2077 2118 selbst
2137 2044 2335 2110 aber
2388 2043 2608 2108 kann

263 2147 455 2213 nicht
485 2146 698 2212 daran
731 2145 1011 2221 denken,
1043 2149 1097 2211 λ.
1130 2149 1179 2210 λ.
1209 2168 1292 2209 zu
1321 2144 1754 2210 verbinden.“

433 2247 719 2315 Accedit
745 2246 1068 2311 molestus
1099 2248 1375 2335 quintus
1404 2263 1549 2334 pes,
1596 2248 1713 2335 qui
1742 2248 1943 2313 valde
1974 2249 2279 2337 ingratus
2308 2251 2378 2315 in
2411 2269 2608 2315 aures

267 2349 464 2414 cadit.
494 2372 555 2416 v.
585 2350 822 2436 Enger.
851 2350 919 2413 in
947 2346 1141 2414 Jahn.
1177 2365 1324 2416 ann.
1355 2359 1511 2416 tom.
1542 2349 1644 2427 70,
1680 2367 1828 2439 pag.
1860 2343 1998 2417 380.
2047 2349 2215 2418 ¹Has
2248 2354 2336 2419 ob
2370 2374 2611 2419 causas

264 2454 462 2518 etiam
496 2452 845 2540 ingeniosa
860 2452 1300 2519 Schoemanni
1332 2456 1723 2543 conjectura·
1749 2474 1890 2519 non
1918 2456 2185 2524 videtur
2198 2457 2612 2524 admittenda

264 2576 432 2633 esse,
479 2555 598 2642 qui
629 2556 858 2621 scribit
901 2556 988 2641 (in
1021 2557 1368 2623 emendatt.
1400 2578 1461 2644 p.
1491 2557 1587 2638 8);
1647 2562 1713 2624 εἰ
1770 2566 2182 2646 σωφρονεῖ,
2241 2562 2500 2646 λέγουσα
2558 2587 2615 2628 π.

263 2684 349 2726 νιν
381 2664 431 2726 λ.
504 2657 814 2724 Attamen
843 2658 1213 2725 rectissime
1243 2663 1550 2749 egregius
1582 2662 1686 2727 vir
1717 2665 2078 2749 perspexit,
2112 2665 2310 2730 talem
2344 2672 2612 2730 senten-

261 2765 423 2829 tiam
453 2761 726 2848 requiri,
761 2761 1026 2848 qualem
1056 2765 1445 2851 conjectura
1474 2782 1600 2830 sua
1630 2767 1942 2843 restituit,
1975 2786 2194 2854 neque
2226 2771 2368 2833 eius
2398 2768 2610 2833 ratio-

258 2886 383 2931 nes
429 2886 471 2930 a
515 2862 1028 2930 Schneidewino
1074 2873 1209 2930 tam
1252 2866 1490 2932 leviter
1532 2868 1719 2955 rejici
1765 2867 2121 2939 debebant.
2210 2871 2398 2935 Haec
2444 2872 2614 2936 enim

263 2969 552 3034 adnotat
598 2966 1133 3034 Schoemannus:
1195 2964 1373 3044 „hoc
1426 2970 1584 3035 loco
1631 2988 1771 3035 non
1830 2973 1992 3036 satis
2054 2983 2173 3050 est,
2234 2973 2618 3060 intelligere.

264 3071 710 3138 Cassandram
742 3092 919 3158 quae
953 3070 1481 3159 Clytaemnestra
1512 3073 1715 3148 dicat,
1760 3075 1884 3139 nisi
1931 3075 2123 3140 etiam
2165 3086 2345 3142 recte
2375 3081 2616 3163 sapiat,

267 3185 344 3240 ut
371 3173 462 3249 id,
510 3173 697 3260 quod
729 3173 1130 3243 intellexerit
1157 3174 1339 3239 illam
1371 3172 1611 3251 dicere,
1656 3178 1853 3241 etiam
1896 3177 2275 3243 faciendum
2319 3180 2448 3244 sibi
2480 3188 2616 3245 sta·

269 3277 396 3347 tidt
422 3290 643 3363 neque
685 3279 1167 3342 contumaciter
1204 3286 1539 3364 respuat.“
1571 3314 1653 3327 -—
1684 3279 1872 3344 Haec
1913 3288 2045 3345 tam
2089 3290 2268 3347 recte
2311 3284 2619 3370 exposita

272 3389 444 3454 sunt,
489 3387 570 3444 ut
610 3388 849 3444 contra
893 3376 1227 3465 disputari
1260 3387 1564 3467 nequeat.
1653 3379 1831 3471 *Sed
1876 3384 1931 3447 si
1964 3404 2114 3447 cum
2146 3384 2616 3451 Schoemanno

266 3482 705 3546 scriberetur:
744 3485 802 3546 εἰ
836 3490 1156 3569 σωφρονεῖ,
1199 3488 1253 3547 λ.
1284 3506 1341 3550 π.
1369 3504 1415 3550 ν.
1444 3488 1515 3560 λ.,
1547 3493 1963 3550 remanerent
1990 3482 2148 3552 illae
2181 3487 2622 3567 offensiones3

266 3584 499 3672 itaque
530 3582 715 3649 aliud
759 3585 1110 3672 quoddam
1155 3588 1622 3673 quaerendum,
1654 3598 1773 3662 est,
1819 3588 2009 3675 quod
2053 3599 2118 3654 et
2160 3591 2432 3655 eandem
2477 3612 2624 3656 sen·

269 3687 550 3752 tentiam
584 3688 906 3774 praebeat
937 3706 1139 3776 quam
1167 3691 1610 3754 necessariam
1642 3690 1776 3755 hoc
1807 3689 1960 3755 loco
1978 3712 2124 3758 esse
2140 3694 2625 3759 demonstravit

272 3789 809 3865 Schoemannus‚
853 3800 921 3855 et
959 3790 1111 3856 illas
1154 3791 1352 3857 simul
1398 3792 1806 3858 offensiones
1840 3793 2035 3858 tollat
2066 3815 2237 3881 quas
2270 3816 2479 3882 supra
2509 3818 2623 3862 ex-

269 3893 637 3978 posuimus,
679 3892 848 3957 Mihi
879 3894 948 3957 in
979 3901 1260 3959 mentem
1293 3895 1492 3971 venit,
1509 3895 1918 3984 Aeschylum
1933 3896 2225 3963 fortasse
2239 3900 2621 3986 scripsisse:

673 3993 802 4062 ἔσω
835 4003 1127 4084 φρενῶν
1158 3999 1509 4084 λαχοῦσα
1536 4000 1889 4063 πείθεται
1917 3999 2101 4086 λόγῳ,

267 4093 335 4163 h.
372 4116 427 4161 e.
459 4097 555 4171 „si
584 4097 653 4163 in
684 4101 906 4165 animo
939 4123 1065 4166 suo
1096 4100 1495 4187 sapientiam
1526 4109 1726 4165 nacta
1756 4110 1877 4176 est,
1919 4102 2141 4169 verbis
2174 4106 2334 4170 meis
2367 4116 2616 4192 paret.“

264 4197 590 4284 Apparet,
650 4201 829 4268 hanc
872 4205 1268 4277 sententiam
1313 4222 1595 4291 prorsus
1639 4199 1918 4269 eandem
1963 4224 2111 4272 esse
2156 4228 2359 4294 quam
2401 4208 2612 4276 habet

265 4301 851 4370 Schoemanniana
880 4306 1115 4384 lectio,
1158 4328 1314 4371 nam
1344 4314 1573 4394 φρενῶν
1604 4312 1881 4394 λαχοῦσα
1913 4308 2035 4374 ἔσω
2079 4311 2253 4376 idem
2297 4320 2397 4376 est
2428 4312 2618 4398 quod

266 4407 320 4469 εἰ
350 4412 663 4493 σωφρονεῖ.
752 4407 939 4475 Conf.
970 4408 1182 4497 Agam
1212 4431 1312 4480 vs,
1345 4411 1484 4476 364.
1517 4409 1583 4475 εὖ
1613 4415 1916 4498 πραπίδων
1948 4413 2225 4500 λαχόντα.
2262 4450 2332 4462 —-
2368 4414 2459 4480 At
2485 4413 2555 4479 fo
2567 4434 2628 4479 r·
