3003 4880
1575 386 1673 467 26

463 612 600 674 ero,
645 597 929 685 aliisque
958 597 1198 678 visum)
1227 593 1653 663 Hel-mannus
1683 591 2170 664 demonstravit
2198 594 2642 679 acutissime3
2663 622 2885 705 „non
2933 580 2934 591 ἵ

459 702 627 766 enim
657 701 767 767 hic
800 699 1037 787 quod'
1019 698 1279 787 injuria
1306 706 1577 784 „sperta
1609 705 1832 764 essent
1861 699 2003 788 ejus
2031 700 2367 779 vaticinia,
2400 701 2518 768 sed
2550 670 2886 791 simpli

461 806 663 883 „citer
678 803 867 891 quod
897 810 1125 890 spreta
1157 812 1221 868 et
1238 808 1624 888 contempta
1655 809 1879 867 essent
1896 805 2084 889 queri
2114 826 2256 869 eam
2288 805 2876 872 conveniebatst‘

455 906 877 995 Languidum
906 926 1051 973 esse
1084 908 1267 991 μάτην
1301 905 1389 972 ad
1419 906 1909 990 καταγελωμένην
1941 906 2255 985 relatum,
2285 907 2637 995 intelliget
2683 910 2877 997 qui-

457 1031 722 1098 cunque
754 1007 983 1096 aliquo
1017 1030 1218 1074 sensu
1253 1008 1529 1095 poetico
1557 1008 1903 1095 praeditus
1936 1017 2054 1075 est.
2117 1004 2621 1076 Schneidewini
2668 1034 2874 1077 vero

457 1111 818 1200 explicatio
852 1113 967 1177 vix
998 1133 1037 1176 a
1067 1133 1410 1199 quoquam
1445 1110 1722 1198 probari
1752 1119 1997 1198 potest,
2029 1113 2183 1199 quis
2214 1113 2384 1178 enim
2416 1112 2715 1179 Graece
2752 1115 2866 1180 lo-

457 1236 671 1304 quens
714 1235 842 1301 pro
886 1212 1027 1279 his:
1074 1215 1535 1300 καταγελωμένη
1583 1219 1666 1282 ὡς
1697 1217 1916 1299 ματαία
1972 1223 1992 1295 (
2006 1214 2045 1284 i.
2097 1236 2161 1302 q.
2197 1217 2463 1300 insanas)
2513 1215 2859 1282 diceret:
2933 1260 2934 1305 3

463 1342 677 1401 καταγ·
708 1319 942 1402 μάτηνΡ
1014 1317 1289 1384 Erravit
1317 1315 1874 1383 Schneidewinus
1902 1323 2210 1404 praetera
2239 1339 2339 1395 eo,
2373 1317 2567 1405 quod
2595 1319 2856 1386 verba

422 1407 426 1410 Α
457 1423 565 1491 κᾶν
595 1423 786 1489 τοῖςδε
815 1420 1061 1504 κόσμοις
1099 1434 1246 1499 cum
1277 1420 1642 1489 ἐποπτεύσας
1672 1445 1745 1504 με
1775 1420 2143 1507 conjunxit.

627 1523 701 1591 Si
744 1521 994 1588 diceret
1026 1523 1407 1590 Cassandra
1436 1523 1745 1590 Ἀπόλλων
1778 1572 1794 1589 .
1827 1572 1843 1589 .
1876 1572 1919 1600 .,
1949 1525 2056 1588 κάν
2086 1549 2136 1592 τ.
2167 1549 2222 1588 κ.
2257 1523 2457 1593 ἐποπτ.
2493 1549 2570 1608 με
2599 1526 2845 1612 parti-

457 1626 609 1695 cula
639 1629 738 1691 καὶ
780 1646 982 1693 sensu
1013 1635 1296 1704 careret3
1327 1649 1480 1695 nam
1512 1628 1640 1693 nisi
1672 1626 1820 1693 Cas.
1853 1625 2034 1692 hunc
2066 1634 2370 1693 ornatum
2405 1629 2842 1695 sacerdota·

458 1731 588 1799 lem
628 1729 940 1806 haberet,
985 1729 1027 1796 i.
1061 1750 1113 1798 e.
1143 1729 1276 1795 nisi
1305 1730 1643 1816 Apollinis
1685 1728 2004 1795 sacerdos
2047 1735 2251 1806 esset,
2301 1728 2469 1795 deus
2519 1733 2827 1797 omnino

456 1857 596 1903 non
625 1841 803 1901 esset
817 1833 960 1919 ejus
975 1833 1244 1919 ἐπόπτης.
1267 1868 1353 1883 -·-
1378 1833 1616 1921 Itaque
1647 1833 1842 1899 unica
1870 1840 2049 1899 recta
2066 1828 2312 1899 horum?
2339 1845 2661 1901 versuum
2701 1849 2823 1899 ex·
2933 1856 2934 1865 ¹

456 1935 927 2026 plicandorum
955 1936 1126 2001 ratio
1160 1958 1237 2003 ea
1268 1959 1414 2003 esse
1427 1937 1713 2015 videtur,
1747 1958 1950 2024 quam
1965 1944 2474 2023 praeverterant
2487 1936 2811 2003 Welclte-

454 2048 806 2127 rus-atque
834 2039 1175 2127 Engerus3
1219 2046 1442 2105 utrum
1472 2061 1634 2106 vero
1679 2039 1795 2104 alii
1839 2046 1993 2105 ante
2032 2039 2164 2105 hos
2208 2039 2305 2105 sic
2336 2039 2558 2106 locum
2584 2041 2800 2105 inter-

447 2142 697 2231 pretati
748 2142 884 2208 sint
920 2163 1044 2208 nec
1087 2165 1203 2219 ne,
1246 2142 1558 2229 equidem
1599 2143 1859 2220 nescim
1911 2164 2059 2207 cum
2106 2142 2280 2207 enim
2321 2141 2458 2209 hoc
2489 2156 2774 2228 tempore

451 2246 591 2314 ruri
616 2267 845 2311 verser
863 2294 878 2323 ,
908 2266 1047 2310 non
1065 2246 1352 2313 omnium
1368 2244 1889 2334 Agamemnonis
1906 2245 2271 2310 editionum
2285 2244 2447 2310 mihi
2462 2244 2639 2331 copia
2651 2250 2767 2307 est.

625 2346 808 2415 Haec
837 2370 1001 2415 vero
1031 2349 1388 2417 sententiat
1473 2349 1836 2417 ἐποπτεύσας
1867 2368 1940 2433 με
1970 2351 2078 2415 κάν
2105 2354 2227 2417 τοῖς
2256 2353 2321 2415 δε
2349 2350 2596 2434 κόσμοις
2620 2366 2791 2413 κατα-

459 2454 835 2541 γελωμένην,
890 2456 1107 2539 μάτην,
1158 2475 1297 2517 non
1339 2461 1480 2519 erat
1523 2475 1640 2540 per
1686 2453 2081 2540 particulam
2128 2455 2237 2533 δέ,
2284 2454 2405 2520 sed
2435 2476 2560 2541 per
2587 2478 2666 2539 γε
2691 2450 2798 2516 his

402 2540 408 2546 ’
454 2557 703 2623 verbis:
741 2554 1059 2622 Ἀπόλλων
1077 2557 1269 2625 ἀὐτὸς
1301 2558 1526 2622 ἐκδύων
1561 2559 1670 2642 ἐμὲ
1698 2559 2060 2644 χρηστηρίαν
2094 2559 2324 2645 ἐσθῆτ’,
2366 2554 2804 2624 annectenda.

466 2660 784 2726 Continet
814 2660 984 2727 enim
1017 2659 1110 2740 (id
1155 2658 1349 2746 quod·
1372 2659 1599 2746 Enger
1626 2668 1805 2726 recte
1837 2660 2334 2749 animadvertit).
2360 2683 2660 2740 causam,
2688 2677 2807 2726 cur

458 2763 715 2849 Apollo
747 2764 959 2833 ἐκδόει.
1019 2763 1192 2830 Nam
1225 2763 1542 2849 quoniam
1573 2772 1638 2828 et
1668 2771 1863 2829 antea
1890 2764 2140 2832 frustra
2168 2765 2594 2832 Cassandrae
2618 2772 2812 2832 tutor

461 2867 662 2933 tuerit
688 2866 977 2954 Apollo,
1021 2866 1135 2932 illa
1178 2885 1358 2930 nunc
1404 2877 1927 2933 consentaneum
1972 2890 2118 2936 esse
2149 2868 2343 2946 dicit,
2391 2885 2540 2934 eum
2582 2869 2809 2957 ipsam

455 2976 644 3035 veste
700 2967 1106 3034 sacerdotali
1146 2978 1528 3034 exuturam.
1576 2970 1939 3039 ἐποπτεύσας
1984 2972 2064 3035 δέ
2097 2996 2169 3056 με
2212 2980 2464 3047 autem,
2507 2971 2578 3036 id
2612 2970 2811 3060 quod
2933 2965 2934 2974 ²

456 3073 876 3138 Hermannus
901 3071 1090 3146 vidit,
1124 3073 1357 3138 ceteris
1385 3081 1609 3140 textus
1641 3074 1867 3140 verbis
1898 3075 2201 3152 servatis,
2231 3074 2473 3139 falsum
2505 3094 2666 3141 esse·
2689 3097 2809 3161 ap·

457 3184 685 3261 paret,
745 3193 938 3250 „nam
979 3173 1097 3238 illa
1122 3174 1331 3240 verba
1372 3183 1489 3242 aut
1531 3177 1808 3242 verbum
1839 3177 2128 3263 aliquod‘
2162 3185 2279 3244 aut
2319 3190 2562 3243 nomen
2606 3176 2808 3267 quod

459 3275 585 3363 pro
612 3275 821 3340 verbo
850 3286 1042 3352 esset,
1070 3277 1562 3362 requirebant.“
1605 3279 1833 3366 Atque
1847 3280 2269 3347 Hermannus
2297 3279 2565 3347 uthane
2593 3282 2808 3348 offen-

455 3380 706 3444 sionem
722 3377 1005 3453 tolleret,
1040 3402 1172 3465 pro
1197 3382 1380 3466 μάτην
1411 3383 1684 3468 scripsit
1726 3387 1939 3469 ματήρ,
1968 3383 2163 3450 nobis
2199 3405 2358 3449 vero
2387 3405 2537 3449 cum
2566 3405 2807 3450 vocem

460 3485 647 3568 μάτην
686 3482 877 3548 nullo
917 3481 1121 3546 modo
1167 3483 1408 3550 mutari
1466 3504 1676 3570 posse
1712 3486 1910 3550 nobis
1938 3488 2502 3571 persuaserimus‚
2550 3487 2802 3574 placet,

459 3583 677 3672 quod·
706 3586 997 3652 Auratus
1071 3583 1326 3649 dudum
1398 3587 1727 3671 repperit,
1804 3587 2094 3655 editores
2157 3597 2376 3656 autem
2418 3590 2800 3677 neglexere.

460 3688 652 3754 Certe
680 3687 814 3752 hoc
857 3687 1091 3751 melius
1123 3694 1254 3764 est,
1301 3708 1501 3773 quam
1532 3687 1783 3776 Engeri
1810 3690 2040 3769 lectio,
2089 3693 2208 3779 qui
2252 3692 2470 3758 deleta
2515 3701 2803 3780 prorsus

456 3790 794 3876 particula
819 3789 1056 3856 edidit:
1105 3791 1467 3859 ἐποπτεύσας
1499 3792 1637 3875 ἐμέ,
1672 3793 1862 3879 quod
1881 3794 2023 3882 jam
2054 3794 2360 3861 Halmius
2390 3795 2461 3862 in
2490 3795 2798 3862 lectioni-

456 3892 591 3957 bus
628 3893 1021 3981 Aeschyleis
1068 3893 1280 3979 (1835)
1313 3906 1786 3982 proposuerat.
1885 3896 2025 3963 Sed
2058 3899 2198 3986 jam
2243 3906 2526 3984 propter
2567 3916 2801 3985 parem

458 3994 908 4061 antecedentis
954 4018 1191 4061 versus
1234 3996 1427 4063 finem
1471 3997 1640 4063 haec
1685 3998 1877 4065 lectio
1912 3999 2239 4088 displicet.
2329 4001 2432 4068 De
2461 4002 2785 4069 Herman-

458 4098 662 4162 niana
688 4096 1006 4163 lectione.

1274 4202 1635 4273 ἐποπτεύσας
1666 4205 1733 4272 δέ
1764 4230 1837 4290 με

909 4302 1017 4369 κάν
1048 4307 1244 4371 τοῖσδε
1272 4307 1519 4392 κόσμοις
1547 4307 2037 4394 καταγελωμένην
2072 4308 2223 4400 μέγα

911 4411 1100 4499 φίλων
1134 4410 1231 4474 ὑπ’
1264 4411 1521 4502 ἐχθρῶν,
1554 4412 1632 4492 οὐ,
1657 4412 2031 4502 διχορρόπως
2062 4415 2255 4506 ματήρ
