<?xml version="1.0" encoding="UTF-8"?>
<!DOCTYPE html PUBLIC "-//W3C//DTD XHTML 1.0 Transitional//EN"
    "http://www.w3.org/TR/xhtml1/DTD/xhtml1-transitional.dtd">
<html xmlns="http://www.w3.org/1999/xhtml" xml:lang="en" lang="en">
 <head>
  <title>
</title>
<meta http-equiv="Content-Type" content="text/html;charset=utf-8" />
  <meta name='ocr-system' content='tesseract 3.04.00' />
  <meta name='ocr-capabilities' content='ocr_page ocr_carea ocr_par ocr_line ocrx_word'/>
</head>
<body>
  <div class='ocr_page' id='page_1' title='image "./deaeschyliagame00rhodgoog_0013.png"; bbox 0 0 3003 4880; ppageno 0'>
   <div class='ocr_carea' id='block_1_1' title="bbox 420 0 1684 6">
    <p class='ocr_par' dir='ltr' id='par_1_1' title="bbox 420 0 1684 6">
     <span class='ocr_line' id='line_1_1' title="bbox 420 0 1684 6; baseline 0 0"><span class='ocrx_word' id='word_1_1' title='bbox 420 0 1684 6; x_wconf 95' lang='lat' dir='ltr'><strong> </strong></span> 
     </span>
    </p>
   </div>
   <div class='ocr_carea' id='block_1_2' title="bbox 1382 388 1456 461">
    <p class='ocr_par' dir='ltr' id='par_1_2' title="bbox 1382 388 1456 461">
     <span class='ocr_line' id='line_1_2' title="bbox 1382 388 1456 461; baseline 0 0"><span class='ocrx_word' id='word_1_2' title='bbox 1382 442 1387 449; x_wconf 73' lang='grc'><strong>.</strong></span> <span class='ocrx_word' id='word_1_3' title='bbox 1408 388 1456 461; x_wconf 83' lang='lat'>5</span> 
     </span>
    </p>
   </div>
   <div class='ocr_carea' id='block_1_3' title="bbox 233 591 2739 4415">
    <p class='ocr_par' dir='ltr' id='par_1_3' title="bbox 255 591 2739 1302">
     <span class='ocr_line' id='line_1_3' title="bbox 255 591 2605 687; baseline 0.001 -30"><span class='ocrx_word' id='word_1_4' title='bbox 255 591 634 657; x_wconf 86' lang='lat' dir='ltr'><strong>Karstenus</strong></span> <span class='ocrx_word' id='word_1_5' title='bbox 681 591 980 676; x_wconf 82' lang='grc' dir='ltr'><strong>ἀμηνίτοις</strong></span> <span class='ocrx_word' id='word_1_6' title='bbox 1022 591 1297 676; x_wconf 86' lang='lat' dir='ltr'><strong>passivo</strong></span> <span class='ocrx_word' id='word_1_7' title='bbox 1344 613 1570 687; x_wconf 16' lang='lat' dir='ltr'><strong>sensu*</strong></span> <span class='ocrx_word' id='word_1_8' title='bbox 1592 592 1844 669; x_wconf 86' lang='lat' dir='ltr'><strong>dictum</strong></span> <span class='ocrx_word' id='word_1_9' title='bbox 1891 613 2037 656; x_wconf 91' lang='lat' dir='ltr'><strong>esse</strong></span> <span class='ocrx_word' id='word_1_10' title='bbox 2096 592 2360 672; x_wconf 65' lang='lat' dir='ltr'><strong>statuit,</strong></span> <span class='ocrx_word' id='word_1_11' title='bbox 2382 593 2605 683; x_wconf 65' lang='lat' dir='ltr'><strong>‚pedes</strong></span> 
     </span>
     <span class='ocr_line' id='line_1_4' title="bbox 255 690 2608 784; baseline 0.001 -24"><span class='ocrx_word' id='word_1_12' title='bbox 255 695 508 783; x_wconf 85' lang='lat' dir='ltr'><strong>quibus</strong></span> <span class='ocrx_word' id='word_1_13' title='bbox 536 715 677 758; x_wconf 93' lang='lat' dir='ltr'><strong>non</strong></span> <span class='ocrx_word' id='word_1_14' title='bbox 705 693 1053 772; x_wconf 79' lang='lat' dir='ltr'><strong>irascaris3</strong></span> <span class='ocrx_word' id='word_1_15' title='bbox 1101 693 1346 780; x_wconf 87' lang='lat' dir='ltr'><strong>quibus</strong></span> <span class='ocrx_word' id='word_1_16' title='bbox 1378 690 1579 760; x_wconf 83' lang='lat' dir='ltr'><strong>irasci</strong></span> <span class='ocrx_word' id='word_1_17' title='bbox 1610 695 1719 760; x_wconf 82' lang='lat' dir='ltr'><strong>vel</strong></span> <span class='ocrx_word' id='word_1_18' title='bbox 1752 716 1922 782; x_wconf 84' lang='lat' dir='ltr'><strong>quas</strong></span> <span class='ocrx_word' id='word_1_19' title='bbox 1950 696 2332 782; x_wconf 82' lang='lat' dir='ltr'><strong>vituperare</strong></span> <span class='ocrx_word' id='word_1_20' title='bbox 2361 697 2608 784; x_wconf 84' lang='lat' dir='ltr'><strong>injuria</strong></span> 
     </span>
     <span class='ocr_line' id='line_1_5' title="bbox 256 793 2739 887; baseline 0.001 -25"><span class='ocrx_word' id='word_1_21' title='bbox 256 806 494 862; x_wconf 87' lang='lat' dir='ltr'><strong>esset.“</strong></span> <span class='ocrx_word' id='word_1_22' title='bbox 583 793 768 878; x_wconf 81' lang='lat' dir='ltr'><strong>Quid</strong></span> <span class='ocrx_word' id='word_1_23' title='bbox 799 794 932 860; x_wconf 88' lang='lat' dir='ltr'><strong>sibi</strong></span> <span class='ocrx_word' id='word_1_24' title='bbox 960 794 1125 860; x_wconf 82' lang='lat' dir='ltr'><strong>velit</strong></span> <span class='ocrx_word' id='word_1_25' title='bbox 1153 796 1288 861; x_wconf 90' lang='lat' dir='ltr'><strong>hoc</strong></span> <span class='ocrx_word' id='word_1_26' title='bbox 1331 797 1699 884; x_wconf 80' lang='lat' dir='ltr'><strong>epitheton,</strong></span> <span class='ocrx_word' id='word_1_27' title='bbox 1743 806 2027 885; x_wconf 84' lang='lat' dir='ltr'><strong>apparet</strong></span> <span class='ocrx_word' id='word_1_28' title='bbox 2071 821 2107 864; x_wconf 89' lang='lat' dir='ltr'><strong>e</strong></span> <span class='ocrx_word' id='word_1_29' title='bbox 2144 820 2241 865; x_wconf 77' lang='lat' dir='ltr'><strong>vs.</strong></span> <span class='ocrx_word' id='word_1_30' title='bbox 2279 797 2434 864; x_wconf 85' lang='lat'>1001</span> <span class='ocrx_word' id='word_1_31' title='bbox 2470 821 2608 887; x_wconf 89' lang='lat' dir='ltr'><strong>seq.</strong></span> <span class='ocrx_word' id='word_1_32' title='bbox 2726 866 2739 878; x_wconf 65' lang='grc'><strong>,</strong></span> 
     </span>
     <span class='ocr_line' id='line_1_6' title="bbox 256 898 2603 990; baseline -0.001 -24"><span class='ocrx_word' id='word_1_33' title='bbox 256 901 418 966; x_wconf 88' lang='lat' dir='ltr'><strong>Hoc</strong></span> <span class='ocrx_word' id='word_1_34' title='bbox 443 898 652 965; x_wconf 92' lang='lat' dir='ltr'><strong>multo</strong></span> <span class='ocrx_word' id='word_1_35' title='bbox 682 898 898 985; x_wconf 84' lang='lat' dir='ltr'><strong>magis</strong></span> <span class='ocrx_word' id='word_1_36' title='bbox 928 899 1259 985; x_wconf 82' lang='lat' dir='ltr'><strong>superbae</strong></span> <span class='ocrx_word' id='word_1_37' title='bbox 1288 901 1560 988; x_wconf 83' lang='lat' dir='ltr'><strong>reginae</strong></span> <span class='ocrx_word' id='word_1_38' title='bbox 1599 902 1930 978; x_wconf 84' lang='lat' dir='ltr'><strong>convenit,</strong></span> <span class='ocrx_word' id='word_1_39' title='bbox 1979 925 2175 990; x_wconf 81' lang='lat' dir='ltr'><strong>quam</strong></span> <span class='ocrx_word' id='word_1_40' title='bbox 2220 902 2276 967; x_wconf 90' lang='lat' dir='ltr'><strong>si</strong></span> <span class='ocrx_word' id='word_1_41' title='bbox 2321 901 2603 967; x_wconf 82' lang='lat' dir='ltr'><strong>diceret:</strong></span> 
     </span>
     <span class='ocr_line' id='line_1_7' title="bbox 258 1001 1735 1089; baseline -0.001 -18"><span class='ocrx_word' id='word_1_42' title='bbox 258 1004 505 1089; x_wconf 78' lang='lat' dir='ltr'><strong>venisti</strong></span> <span class='ocrx_word' id='word_1_43' title='bbox 532 1002 603 1066; x_wconf 90' lang='lat' dir='ltr'><strong>in</strong></span> <span class='ocrx_word' id='word_1_44' title='bbox 635 1001 927 1077; x_wconf 89' lang='lat' dir='ltr'><strong>domum,</strong></span> <span class='ocrx_word' id='word_1_45' title='bbox 960 1023 1135 1089; x_wconf 88' lang='lat' dir='ltr'><strong>quae</strong></span> <span class='ocrx_word' id='word_1_46' title='bbox 1164 1003 1378 1069; x_wconf 82' lang='lat' dir='ltr'><strong>servis</strong></span> <span class='ocrx_word' id='word_1_47' title='bbox 1407 1005 1585 1068; x_wconf 89' lang='lat' dir='ltr'><strong>mitis</strong></span> <span class='ocrx_word' id='word_1_48' title='bbox 1617 1012 1735 1071; x_wconf 85' lang='lat' dir='ltr'><strong>est.</strong></span> 
     </span>
     <span class='ocr_line' id='line_1_8' title="bbox 346 1105 2175 1195; baseline 0.001 -23"><span class='ocrx_word' id='word_1_49' title='bbox 346 1106 426 1172; x_wconf 90' lang='lat' dir='ltr'><strong>In</strong></span> <span class='ocrx_word' id='word_1_50' title='bbox 453 1128 549 1171; x_wconf 76' lang='lat' dir='ltr'><strong>vs.</strong></span> <span class='ocrx_word' id='word_1_51' title='bbox 583 1105 776 1170; x_wconf 87' lang='lat'>1000:</span> <span class='ocrx_word' id='word_1_52' title='bbox 833 1107 940 1170; x_wconf 79' lang='grc' dir='ltr'><strong>καί</strong></span> <span class='ocrx_word' id='word_1_53' title='bbox 962 1109 1148 1170; x_wconf 81' lang='grc' dir='ltr'>παῖδα</span> <span class='ocrx_word' id='word_1_54' title='bbox 1176 1109 1288 1193; x_wconf 86' lang='grc' dir='ltr'><strong>γάρ</strong></span> <span class='ocrx_word' id='word_1_55' title='bbox 1318 1131 1410 1173; x_wconf 79' lang='grc' dir='ltr'><strong>τοι</strong></span> <span class='ocrx_word' id='word_1_56' title='bbox 1441 1111 1618 1195; x_wconf 82' lang='grc' dir='ltr'>φασὶν</span> <span class='ocrx_word' id='word_1_57' title='bbox 1652 1108 2007 1194; x_wconf 70' lang='grc' dir='ltr'><strong>Ἀλκμήνης</strong></span> <span class='ocrx_word' id='word_1_58' title='bbox 2027 1111 2175 1173; x_wconf 65' lang='lat' dir='ltr'><strong>ito-ce</strong></span> 
     </span>
     <span class='ocr_line' id='line_1_9' title="bbox 833 1210 2208 1302; baseline 0.001 -28"><span class='ocrx_word' id='word_1_59' title='bbox 833 1210 1135 1296; x_wconf 77' lang='grc' dir='ltr'>πραθέντα</span> <span class='ocrx_word' id='word_1_60' title='bbox 1163 1216 1369 1298; x_wconf 79' lang='grc' dir='ltr'><strong>τλῆναι</strong></span> <span class='ocrx_word' id='word_1_61' title='bbox 1397 1215 1770 1297; x_wconf 78' lang='grc' dir='ltr'><strong>καὶζυγῶν</strong></span> <span class='ocrx_word' id='word_1_62' title='bbox 1799 1214 2208 1302; x_wconf 24' lang='grc' dir='ltr'><strong>θιγεῖνβίᾳ,</strong></span> 
     </span>
    </p>

    <p class='ocr_par' dir='ltr' id='par_1_4' title="bbox 243 1313 2732 4202">
     <span class='ocr_line' id='line_1_10' title="bbox 254 1313 2599 1402; baseline 0 -24"><span class='ocrx_word' id='word_1_63' title='bbox 254 1313 467 1378; x_wconf 71' lang='lat' dir='ltr'><strong>verba</strong></span> <span class='ocrx_word' id='word_1_64' title='bbox 494 1315 596 1379; x_wconf 86' lang='grc' dir='ltr'><strong>καὶ</strong></span> <span class='ocrx_word' id='word_1_65' title='bbox 625 1318 816 1398; x_wconf 84' lang='grc' dir='ltr'><strong>ζυγῶν</strong></span> <span class='ocrx_word' id='word_1_66' title='bbox 842 1315 1031 1399; x_wconf 80' lang='grc' dir='ltr'>θιγεῖν</span> <span class='ocrx_word' id='word_1_67' title='bbox 1067 1316 1164 1402; x_wconf 71' lang='grc' dir='ltr'><strong>βίᾳ</strong></span> <span class='ocrx_word' id='word_1_68' title='bbox 1190 1315 1675 1401; x_wconf 80' lang='lat' dir='ltr'><strong>ineptissimam</strong></span> <span class='ocrx_word' id='word_1_69' title='bbox 1705 1338 1851 1381; x_wconf 90' lang='lat' dir='ltr'><strong>esse</strong></span> <span class='ocrx_word' id='word_1_70' title='bbox 1881 1315 2188 1381; x_wconf 86' lang='lat' dir='ltr'><strong>Triclinii</strong></span> <span class='ocrx_word' id='word_1_71' title='bbox 2230 1313 2599 1400; x_wconf 86' lang='lat' dir='ltr'><strong>interpola-</strong></span> 
     </span>
     <span class='ocr_line' id='line_1_11' title="bbox 252 1415 2708 1485; baseline -0.001 -4"><span class='ocrx_word' id='word_1_72' title='bbox 252 1416 504 1481; x_wconf 81' lang='lat' dir='ltr'><strong>tionem</strong></span> <span class='ocrx_word' id='word_1_73' title='bbox 534 1438 714 1482; x_wconf 89' lang='lat' dir='ltr'><strong>nunc</strong></span> <span class='ocrx_word' id='word_1_74' title='bbox 744 1417 830 1483; x_wconf 90' lang='lat' dir='ltr'><strong>ab</strong></span> <span class='ocrx_word' id='word_1_75' title='bbox 876 1417 1186 1482; x_wconf 91' lang='lat' dir='ltr'><strong>omnibus</strong></span> <span class='ocrx_word' id='word_1_76' title='bbox 1226 1417 1366 1482; x_wconf 89' lang='lat' dir='ltr'><strong>fere</strong></span> <span class='ocrx_word' id='word_1_77' title='bbox 1407 1441 1802 1485; x_wconf 89' lang='lat' dir='ltr'><strong>concessum</strong></span> <span class='ocrx_word' id='word_1_78' title='bbox 1845 1428 1959 1484; x_wconf 83' lang='lat' dir='ltr'><strong>est.</strong></span> <span class='ocrx_word' id='word_1_79' title='bbox 2045 1423 2116 1483; x_wconf 91' lang='lat' dir='ltr'><strong>V.</strong></span> <span class='ocrx_word' id='word_1_80' title='bbox 2146 1415 2512 1482; x_wconf 83' lang='lat' dir='ltr'><strong>Kirchhoff</strong></span> <span class='ocrx_word' id='word_1_81' title='bbox 2533 1417 2603 1480; x_wconf 90' lang='lat' dir='ltr'><strong>in</strong></span> <span class='ocrx_word' id='word_1_82' title='bbox 2703 1472 2708 1479; x_wconf 91' lang='lat'><strong>.</strong></span> 
     </span>
     <span class='ocr_line' id='line_1_12' title="bbox 250 1518 2604 1608; baseline -0.001 -23"><span class='ocrx_word' id='word_1_83' title='bbox 250 1518 496 1585; x_wconf 87' lang='lat' dir='ltr'><strong>Philol.</strong></span> <span class='ocrx_word' id='word_1_84' title='bbox 537 1518 675 1596; x_wconf 60' lang='lat' dir='ltr'><strong>IX.</strong></span> <span class='ocrx_word' id='word_1_85' title='bbox 718 1543 871 1608; x_wconf 86' lang='lat' dir='ltr'><strong>pag.</strong></span> <span class='ocrx_word' id='word_1_86' title='bbox 919 1519 1056 1587; x_wconf 82' lang='lat'><strong>162.</strong></span> <span class='ocrx_word' id='word_1_87' title='bbox 1175 1521 1561 1589; x_wconf 89' lang='lat' dir='ltr'><strong>Lectionem</strong></span> <span class='ocrx_word' id='word_1_88' title='bbox 1619 1521 1984 1587; x_wconf 87' lang='lat' dir='ltr'><strong>Florentini</strong></span> <span class='ocrx_word' id='word_1_89' title='bbox 2044 1520 2191 1586; x_wconf 88' lang='lat' dir='ltr'><strong>cod.</strong></span> <span class='ocrx_word' id='word_1_90' title='bbox 2248 1545 2339 1607; x_wconf 84' lang='grc' dir='ltr'><strong>πρ.</strong></span> <span class='ocrx_word' id='word_1_91' title='bbox 2398 1524 2604 1605; x_wconf 80' lang='grc' dir='ltr'><strong>τλῆναι</strong></span> 
     </span>
     <span class='ocr_line' id='line_1_13' title="bbox 253 1622 2603 1717; baseline 0 -29"><span class='ocrx_word' id='word_1_92' title='bbox 253 1624 567 1691; x_wconf 85' lang='grc' dir='ltr'>δουλίας</span> <span class='ocrx_word' id='word_1_93' title='bbox 608 1624 845 1709; x_wconf 85' lang='grc' dir='ltr'><strong>μάζης</strong></span> <span class='ocrx_word' id='word_1_94' title='bbox 886 1624 1010 1717; x_wconf 82' lang='grc' dir='ltr'><strong>βία</strong></span> <span class='ocrx_word' id='word_1_95' title='bbox 1051 1623 1428 1690; x_wconf 81' lang='lat' dir='ltr'><strong>emendavit</strong></span> <span class='ocrx_word' id='word_1_96' title='bbox 1467 1623 1943 1701; x_wconf 78' lang='lat' dir='ltr'><strong>Blomfieldius,</strong></span> <span class='ocrx_word' id='word_1_97' title='bbox 1992 1624 2106 1710; x_wconf 91' lang='lat' dir='ltr'><strong>qui</strong></span> <span class='ocrx_word' id='word_1_98' title='bbox 2148 1622 2420 1709; x_wconf 82' lang='lat' dir='ltr'><strong>scripsit</strong></span> <span class='ocrx_word' id='word_1_99' title='bbox 2465 1625 2603 1711; x_wconf 84' lang='grc' dir='ltr'><strong>βίον.</strong></span> 
     </span>
     <span class='ocr_line' id='line_1_14' title="bbox 251 1724 2601 1814; baseline 0 -24"><span class='ocrx_word' id='word_1_100' title='bbox 251 1726 452 1790; x_wconf 80' lang='lat' dir='ltr'><strong>Hanc</strong></span> <span class='ocrx_word' id='word_1_101' title='bbox 480 1727 878 1812; x_wconf 80' lang='lat' dir='ltr'><strong>scripturam</strong></span> <span class='ocrx_word' id='word_1_102' title='bbox 909 1736 1315 1814; x_wconf 89' lang='lat' dir='ltr'><strong>acceperunt</strong></span> <span class='ocrx_word' id='word_1_103' title='bbox 1356 1734 1423 1798; x_wconf 82' lang='lat' dir='ltr'><strong>et</strong></span> <span class='ocrx_word' id='word_1_104' title='bbox 1463 1726 1600 1804; x_wconf 87' lang='lat' dir='ltr'><strong>alii,</strong></span> <span class='ocrx_word' id='word_1_105' title='bbox 1657 1733 1724 1791; x_wconf 93' lang='lat' dir='ltr'><strong>et</strong></span> <span class='ocrx_word' id='word_1_106' title='bbox 1764 1724 2337 1792; x_wconf 84' lang='lat' dir='ltr'><strong>Schneidewinus.</strong></span> <span class='ocrx_word' id='word_1_107' title='bbox 2423 1726 2601 1791; x_wconf 92' lang='lat' dir='ltr'><strong>Num</strong></span> 
     </span>
     <span class='ocr_line' id='line_1_15' title="bbox 259 1828 2662 1919; baseline 0 -27"><span class='ocrx_word' id='word_1_108' title='bbox 259 1828 464 1915; x_wconf 91' lang='lat' dir='ltr'><strong>igitur</strong></span> <span class='ocrx_word' id='word_1_109' title='bbox 534 1830 906 1908; x_wconf 80' lang='lat' dir='ltr'><strong>credamus,</strong></span> <span class='ocrx_word' id='word_1_110' title='bbox 978 1830 1391 1919; x_wconf 83' lang='lat' dir='ltr'><strong>Aeschylum</strong></span> <span class='ocrx_word' id='word_1_111' title='bbox 1463 1830 1821 1916; x_wconf 88' lang='lat' dir='ltr'><strong>scripsisse</strong></span> <span class='ocrx_word' id='word_1_112' title='bbox 1890 1830 2127 1897; x_wconf 82' lang='grc' dir='ltr'>δουλίας</span> <span class='ocrx_word' id='word_1_113' title='bbox 2188 1831 2379 1915; x_wconf 89' lang='grc' dir='ltr'><strong>μάζης</strong></span> <span class='ocrx_word' id='word_1_114' title='bbox 2438 1830 2607 1917; x_wconf 78' lang='grc' dir='ltr'>βίονΡ</span> <span class='ocrx_word' id='word_1_115' title='bbox 2657 1836 2662 1843; x_wconf 80' lang='grc'><strong>”</strong></span> 
     </span>
     <span class='ocr_line' id='line_1_16' title="bbox 254 1929 2604 2021; baseline 0.001 -26"><span class='ocrx_word' id='word_1_116' title='bbox 254 1929 552 2013; x_wconf 83' lang='lat' dir='ltr'><strong>Minime3</strong></span> <span class='ocrx_word' id='word_1_117' title='bbox 586 1935 823 1999; x_wconf 88' lang='lat' dir='ltr'><strong>etenim</strong></span> <span class='ocrx_word' id='word_1_118' title='bbox 856 1939 1017 2021; x_wconf 83' lang='grc' dir='ltr'><strong>μᾶζα</strong></span> <span class='ocrx_word' id='word_1_119' title='bbox 1047 1942 1226 1999; x_wconf 87' lang='lat' dir='ltr'><strong>certe</strong></span> <span class='ocrx_word' id='word_1_120' title='bbox 1254 1933 1663 1999; x_wconf 84' lang='lat' dir='ltr'><strong>vocabulum</strong></span> <span class='ocrx_word' id='word_1_121' title='bbox 1680 1942 1782 1998; x_wconf 88' lang='lat' dir='ltr'><strong>est</strong></span> <span class='ocrx_word' id='word_1_122' title='bbox 1806 1934 2066 1998; x_wconf 88' lang='lat' dir='ltr'><strong>vilioris</strong></span> <span class='ocrx_word' id='word_1_123' title='bbox 2093 1939 2158 1997; x_wconf 87' lang='lat' dir='ltr'><strong>et</strong></span> <span class='ocrx_word' id='word_1_124' title='bbox 2181 1930 2604 2019; x_wconf 85' lang='lat' dir='ltr'><strong>ignobilioris</strong></span> 
     </span>
     <span class='ocr_line' id='line_1_17' title="bbox 250 2034 2602 2127; baseline 0 -27"><span class='ocrx_word' id='word_1_125' title='bbox 250 2035 532 2123; x_wconf 89' lang='lat' dir='ltr'><strong>generis,</strong></span> <span class='ocrx_word' id='word_1_126' title='bbox 567 2059 769 2125; x_wconf 87' lang='lat' dir='ltr'><strong>quam</strong></span> <span class='ocrx_word' id='word_1_127' title='bbox 801 2038 992 2127; x_wconf 85' lang='lat' dir='ltr'><strong>quod</strong></span> <span class='ocrx_word' id='word_1_128' title='bbox 1022 2038 1342 2125; x_wconf 82' lang='lat' dir='ltr'><strong>antiquae</strong></span> <span class='ocrx_word' id='word_1_129' title='bbox 1364 2037 1757 2125; x_wconf 76' lang='lat' dir='ltr'><strong>tragoediae</strong></span> <span class='ocrx_word' id='word_1_130' title='bbox 1782 2036 2157 2109; x_wconf 85' lang='lat' dir='ltr'><strong>conveniat,</strong></span> <span class='ocrx_word' id='word_1_131' title='bbox 2189 2034 2383 2122; x_wconf 81' lang='lat' dir='ltr'><strong>cujus</strong></span> <span class='ocrx_word' id='word_1_132' title='bbox 2413 2042 2602 2100; x_wconf 81' lang='lat' dir='ltr'><strong>casta</strong></span> 
     </span>
     <span class='ocr_line' id='line_1_18' title="bbox 249 2137 2600 2229; baseline 0 -26"><span class='ocrx_word' id='word_1_133' title='bbox 249 2140 536 2226; x_wconf 81' lang='grc' dir='ltr'><strong>σεμνότης</strong></span> <span class='ocrx_word' id='word_1_134' title='bbox 566 2148 773 2227; x_wconf 87' lang='lat' dir='ltr'><strong>atque</strong></span> <span class='ocrx_word' id='word_1_135' title='bbox 802 2142 1099 2229; x_wconf 86' lang='lat' dir='ltr'><strong>gravitas</strong></span> <span class='ocrx_word' id='word_1_136' title='bbox 1131 2139 1302 2205; x_wconf 88' lang='lat' dir='ltr'><strong>tales</strong></span> <span class='ocrx_word' id='word_1_137' title='bbox 1332 2162 1539 2206; x_wconf 82' lang='lat' dir='ltr'><strong>voces</strong></span> <span class='ocrx_word' id='word_1_138' title='bbox 1567 2138 1847 2226; x_wconf 88' lang='lat' dir='ltr'><strong>respuit.</strong></span> <span class='ocrx_word' id='word_1_139' title='bbox 1935 2137 2124 2203; x_wconf 84' lang='lat' dir='ltr'><strong>Neve</strong></span> <span class='ocrx_word' id='word_1_140' title='bbox 2168 2137 2320 2224; x_wconf 91' lang='lat' dir='ltr'><strong>quis</strong></span> <span class='ocrx_word' id='word_1_141' title='bbox 2361 2144 2600 2203; x_wconf 85' lang='lat' dir='ltr'><strong>contra</strong></span> 
     </span>
     <span class='ocr_line' id='line_1_19' title="bbox 249 2240 2597 2331; baseline -0 -24"><span class='ocrx_word' id='word_1_142' title='bbox 249 2243 964 2331; x_wconf 49' lang='lat' dir='ltr'><strong>dicaqnonnumquam</strong></span> <span class='ocrx_word' id='word_1_143' title='bbox 1002 2246 1192 2311; x_wconf 87' lang='lat' dir='ltr'><strong>etiam</strong></span> <span class='ocrx_word' id='word_1_144' title='bbox 1224 2243 1615 2331; x_wconf 86' lang='lat' dir='ltr'><strong>hujusmodi</strong></span> <span class='ocrx_word' id='word_1_145' title='bbox 1647 2243 1829 2307; x_wconf 85' lang='lat' dir='ltr'><strong>dicta</strong></span> <span class='ocrx_word' id='word_1_146' title='bbox 1858 2251 1923 2307; x_wconf 90' lang='lat' dir='ltr'><strong>et</strong></span> <span class='ocrx_word' id='word_1_147' title='bbox 1954 2240 2140 2327; x_wconf 89' lang='lat' dir='ltr'><strong>apud</strong></span> <span class='ocrx_word' id='word_1_148' title='bbox 2182 2241 2351 2306; x_wconf 87' lang='lat' dir='ltr'><strong>alios</strong></span> <span class='ocrx_word' id='word_1_149' title='bbox 2394 2242 2597 2329; x_wconf 83' lang='lat' dir='ltr'><strong>tragi-</strong></span> 
     </span>
     <span class='ocr_line' id='line_1_20' title="bbox 251 2342 2599 2437; baseline 0 -28"><span class='ocrx_word' id='word_1_150' title='bbox 251 2366 374 2409; x_wconf 91' lang='lat' dir='ltr'><strong>cos</strong></span> <span class='ocrx_word' id='word_1_151' title='bbox 405 2352 473 2409; x_wconf 86' lang='lat' dir='ltr'><strong>et</strong></span> <span class='ocrx_word' id='word_1_152' title='bbox 490 2346 686 2431; x_wconf 66' lang='lat' dir='ltr'><strong>&#39;apud</strong></span> <span class='ocrx_word' id='word_1_153' title='bbox 715 2348 1123 2437; x_wconf 85' lang='lat' dir='ltr'><strong>Aeschylum</strong></span> <span class='ocrx_word' id='word_1_154' title='bbox 1155 2347 1454 2426; x_wconf 88' lang='lat' dir='ltr'><strong>inveniri,</strong></span> <span class='ocrx_word' id='word_1_155' title='bbox 1517 2349 1690 2412; x_wconf 89' lang='lat' dir='ltr'><strong>sicut</strong></span> <span class='ocrx_word' id='word_1_156' title='bbox 1750 2354 1983 2412; x_wconf 87' lang='lat' dir='ltr'><strong>notum</strong></span> <span class='ocrx_word' id='word_1_157' title='bbox 2040 2342 2212 2410; x_wconf 89' lang='lat' dir='ltr'><strong>illud</strong></span> <span class='ocrx_word' id='word_1_158' title='bbox 2269 2348 2599 2433; x_wconf 79' lang='grc' dir='ltr'><strong>λειψουρία,</strong></span> 
     </span>
     <span class='ocr_line' id='line_1_21' title="bbox 257 2447 2602 2536; baseline 0 -21"><span class='ocrx_word' id='word_1_159' title='bbox 257 2447 562 2536; x_wconf 88' lang='lat' dir='ltr'><strong>Choeph.</strong></span> <span class='ocrx_word' id='word_1_160' title='bbox 620 2472 716 2516; x_wconf 84' lang='lat' dir='ltr'><strong>vs,</strong></span> <span class='ocrx_word' id='word_1_161' title='bbox 775 2450 924 2532; x_wconf 79' lang='lat'><strong>7433</strong></span> <span class='ocrx_word' id='word_1_162' title='bbox 1005 2452 1169 2519; x_wconf 86' lang='lat' dir='ltr'><strong>talia</strong></span> <span class='ocrx_word' id='word_1_163' title='bbox 1227 2452 1402 2517; x_wconf 90' lang='lat' dir='ltr'><strong>enim</strong></span> <span class='ocrx_word' id='word_1_164' title='bbox 1459 2451 1661 2528; x_wconf 86' lang='lat' dir='ltr'><strong>fiunt,</strong></span> <span class='ocrx_word' id='word_1_165' title='bbox 1733 2451 1793 2515; x_wconf 90' lang='lat' dir='ltr'><strong>si</strong></span> <span class='ocrx_word' id='word_1_166' title='bbox 1851 2449 2154 2515; x_wconf 84' lang='lat' dir='ltr'><strong>homines</strong></span> <span class='ocrx_word' id='word_1_167' title='bbox 2214 2449 2602 2516; x_wconf 86' lang='lat' dir='ltr'><strong>humiliores</strong></span> 
     </span>
     <span class='ocr_line' id='line_1_22' title="bbox 248 2543 2598 2643; baseline 0 -25"><span class='ocrx_word' id='word_1_168' title='bbox 248 2553 629 2640; x_wconf 88' lang='lat' dir='ltr'><strong>loquuntur</strong></span> <span class='ocrx_word' id='word_1_169' title='bbox 668 2543 739 2618; x_wconf 33' lang='lat' dir='ltr'><strong>*et</strong></span> <span class='ocrx_word' id='word_1_170' title='bbox 782 2556 997 2620; x_wconf 79' lang='lat' dir='ltr'><strong>oratio</strong></span> <span class='ocrx_word' id='word_1_171' title='bbox 1045 2554 1305 2643; x_wconf 87' lang='lat' dir='ltr'><strong>aliquid</strong></span> <span class='ocrx_word' id='word_1_172' title='bbox 1349 2555 1587 2621; x_wconf 93' lang='lat' dir='ltr'><strong>comici</strong></span> <span class='ocrx_word' id='word_1_173' title='bbox 1637 2553 1888 2620; x_wconf 90' lang='lat' dir='ltr'><strong>coloris</strong></span> <span class='ocrx_word' id='word_1_174' title='bbox 1930 2553 2148 2619; x_wconf 78' lang='lat' dir='ltr'><strong>habet.</strong></span> <span class='ocrx_word' id='word_1_175' title='bbox 2243 2554 2396 2618; x_wconf 91' lang='lat' dir='ltr'><strong>Hoc</strong></span> <span class='ocrx_word' id='word_1_176' title='bbox 2436 2574 2598 2619; x_wconf 82' lang='lat' dir='ltr'><strong>vero</strong></span> 
     </span>
     <span class='ocr_line' id='line_1_23' title="bbox 247 2654 2597 2747; baseline 0 -26"><span class='ocrx_word' id='word_1_177' title='bbox 247 2654 404 2721; x_wconf 92' lang='lat' dir='ltr'><strong>loco</strong></span> <span class='ocrx_word' id='word_1_178' title='bbox 446 2656 750 2744; x_wconf 87' lang='lat' dir='ltr'><strong>loquitur</strong></span> <span class='ocrx_word' id='word_1_179' title='bbox 789 2657 1338 2747; x_wconf 84' lang='lat' dir='ltr'><strong>Clytaemnestra,</strong></span> <span class='ocrx_word' id='word_1_180' title='bbox 1383 2658 1680 2745; x_wconf 85' lang='lat' dir='ltr'><strong>superba</strong></span> <span class='ocrx_word' id='word_1_181' title='bbox 1721 2657 1973 2744; x_wconf 85' lang='lat' dir='ltr'><strong>regina,</strong></span> <span class='ocrx_word' id='word_1_182' title='bbox 2019 2657 2212 2744; x_wconf 86' lang='lat' dir='ltr'><strong>cujus</strong></span> <span class='ocrx_word' id='word_1_183' title='bbox 2256 2656 2597 2722; x_wconf 85' lang='lat' dir='ltr'><strong>orationes</strong></span> 
     </span>
     <span class='ocr_line' id='line_1_24' title="bbox 250 2758 2594 2850; baseline 0 -27"><span class='ocrx_word' id='word_1_184' title='bbox 250 2780 483 2824; x_wconf 89' lang='lat' dir='ltr'><strong>omnes</strong></span> <span class='ocrx_word' id='word_1_185' title='bbox 541 2782 691 2825; x_wconf 90' lang='lat' dir='ltr'><strong>cum</strong></span> <span class='ocrx_word' id='word_1_186' title='bbox 751 2760 1090 2827; x_wconf 87' lang='lat' dir='ltr'><strong>elatiorem</strong></span> <span class='ocrx_word' id='word_1_187' title='bbox 1148 2769 1418 2828; x_wconf 86' lang='lat' dir='ltr'><strong>sumant</strong></span> <span class='ocrx_word' id='word_1_188' title='bbox 1475 2761 1788 2847; x_wconf 87' lang='lat' dir='ltr'><strong>spiritum</strong></span> <span class='ocrx_word' id='word_1_189' title='bbox 1826 2758 2206 2850; x_wconf 78' lang='lat' dir='ltr'><strong>Aeschylus</strong></span> <span class='ocrx_word' id='word_1_190' title='bbox 2254 2768 2432 2825; x_wconf 87' lang='lat' dir='ltr'><strong>certe</strong></span> <span class='ocrx_word' id='word_1_191' title='bbox 2473 2760 2594 2828; x_wconf 86' lang='lat' dir='ltr'><strong>tali</strong></span> 
     </span>
     <span class='ocr_line' id='line_1_25' title="bbox 249 2861 2593 2952; baseline 0 -24"><span class='ocrx_word' id='word_1_192' title='bbox 249 2861 589 2929; x_wconf 84' lang='lat' dir='ltr'><strong>vocabulo</strong></span> <span class='ocrx_word' id='word_1_193' title='bbox 619 2871 912 2931; x_wconf 88' lang='lat' dir='ltr'><strong>utentem</strong></span> <span class='ocrx_word' id='word_1_194' title='bbox 941 2886 1080 2930; x_wconf 88' lang='lat' dir='ltr'><strong>non</strong></span> <span class='ocrx_word' id='word_1_195' title='bbox 1111 2863 1291 2941; x_wconf 85' lang='lat' dir='ltr'><strong>fecit,</strong></span> <span class='ocrx_word' id='word_1_196' title='bbox 1337 2865 1539 2952; x_wconf 87' lang='lat' dir='ltr'><strong>quale</strong></span> <span class='ocrx_word' id='word_1_197' title='bbox 1581 2864 1715 2929; x_wconf 88' lang='lat' dir='ltr'><strong>hoc</strong></span> <span class='ocrx_word' id='word_1_198' title='bbox 1741 2867 1936 2951; x_wconf 52' lang='lat' dir='ltr'><strong>paiz-qs</strong></span> <span class='ocrx_word' id='word_1_199' title='bbox 1966 2872 2082 2930; x_wconf 88' lang='lat' dir='ltr'><strong>est.</strong></span> <span class='ocrx_word' id='word_1_200' title='bbox 2166 2862 2323 2928; x_wconf 90' lang='lat' dir='ltr'><strong>Hoc</strong></span> <span class='ocrx_word' id='word_1_201' title='bbox 2361 2863 2593 2929; x_wconf 89' lang='lat' dir='ltr'><strong>rectis·-</strong></span> 
     </span>
     <span class='ocr_line' id='line_1_26' title="bbox 250 2965 2594 3054; baseline 0 -23"><span class='ocrx_word' id='word_1_202' title='bbox 250 2965 413 3031; x_wconf 88' lang='lat' dir='ltr'><strong>sime</strong></span> <span class='ocrx_word' id='word_1_203' title='bbox 453 2966 626 3032; x_wconf 83' lang='lat' dir='ltr'><strong>vidit</strong></span> <span class='ocrx_word' id='word_1_204' title='bbox 662 2967 1106 3047; x_wconf 82' lang='lat' dir='ltr'><strong>Hermannus,</strong></span> <span class='ocrx_word' id='word_1_205' title='bbox 1150 2969 1269 3054; x_wconf 90' lang='lat' dir='ltr'><strong>qui</strong></span> <span class='ocrx_word' id='word_1_206' title='bbox 1309 2967 1492 3032; x_wconf 87' lang='lat' dir='ltr'><strong>illam</strong></span> <span class='ocrx_word' id='word_1_207' title='bbox 1533 2966 1887 3034; x_wconf 87' lang='lat' dir='ltr'><strong>lectionem</strong></span> <span class='ocrx_word' id='word_1_208' title='bbox 1930 2966 2200 3053; x_wconf 87' lang='lat' dir='ltr'><strong>sprevit.</strong></span> <span class='ocrx_word' id='word_1_209' title='bbox 2284 2965 2594 3054; x_wconf 87' lang='lat' dir='ltr'><strong>Engerus</strong></span> 
     </span>
     <span class='ocr_line' id='line_1_27' title="bbox 243 3069 2590 3160; baseline 0 -26"><span class='ocrx_word' id='word_1_210' title='bbox 243 3069 343 3134; x_wconf 87' lang='lat' dir='ltr'><strong>sic</strong></span> <span class='ocrx_word' id='word_1_211' title='bbox 372 3069 615 3136; x_wconf 88' lang='lat' dir='ltr'><strong>edidit:</strong></span> <span class='ocrx_word' id='word_1_212' title='bbox 645 3073 882 3142; x_wconf 81' lang='grc' dir='ltr'><strong>δουλίας</strong></span> <span class='ocrx_word' id='word_1_213' title='bbox 910 3079 1138 3160; x_wconf 83' lang='grc' dir='ltr'><strong>τροφῆς</strong></span> <span class='ocrx_word' id='word_1_214' title='bbox 1166 3077 1388 3159; x_wconf 81' lang='grc' dir='ltr'><strong>τυχεῖν,</strong></span> <span class='ocrx_word' id='word_1_215' title='bbox 1418 3070 1772 3136; x_wconf 89' lang='lat' dir='ltr'><strong>conferens</strong></span> <span class='ocrx_word' id='word_1_216' title='bbox 1802 3070 2229 3158; x_wconf 81' lang='lat' dir='ltr'><strong>Soph.Ai.vs.</strong></span> <span class='ocrx_word' id='word_1_217' title='bbox 2257 3070 2398 3136; x_wconf 82' lang='lat'><strong>499.</strong></span> <span class='ocrx_word' id='word_1_218' title='bbox 2425 3071 2590 3156; x_wconf 80' lang='grc' dir='ltr'><strong>νόμι·</strong></span> 
     </span>
     <span class='ocr_line' id='line_1_28' title="bbox 251 3172 2588 3265; baseline 0 -26"><span class='ocrx_word' id='word_1_219' title='bbox 251 3178 317 3246; x_wconf 83' lang='grc' dir='ltr'><strong>ζε</strong></span> <span class='ocrx_word' id='word_1_220' title='bbox 344 3176 500 3260; x_wconf 79' lang='grc' dir='ltr'><strong>κάμὲ</strong></span> <span class='ocrx_word' id='word_1_221' title='bbox 529 3229 542 3242; x_wconf 96' lang='grc'><strong>.</strong></span> <span class='ocrx_word' id='word_1_222' title='bbox 571 3227 585 3241; x_wconf 94' lang='grc'><strong>.</strong></span> <span class='ocrx_word' id='word_1_223' title='bbox 615 3228 627 3241; x_wconf 92' lang='grc'><strong>.</strong></span> <span class='ocrx_word' id='word_1_224' title='bbox 658 3177 762 3242; x_wconf 79' lang='grc' dir='ltr'><strong>σὺν</strong></span> <span class='ocrx_word' id='word_1_225' title='bbox 804 3180 969 3243; x_wconf 82' lang='grc' dir='ltr'>παιδὶ</span> <span class='ocrx_word' id='word_1_226' title='bbox 996 3184 1087 3265; x_wconf 69' lang='grc' dir='ltr'><strong>τῷ</strong></span> <span class='ocrx_word' id='word_1_227' title='bbox 1117 3183 1212 3265; x_wconf 71' lang='grc' dir='ltr'><strong>σῷ</strong></span> <span class='ocrx_word' id='word_1_228' title='bbox 1240 3177 1475 3242; x_wconf 82' lang='grc' dir='ltr'>δουλίαν</span> <span class='ocrx_word' id='word_1_229' title='bbox 1510 3176 1653 3248; x_wconf 74' lang='grc' dir='ltr'><strong>ἕξειν</strong></span> <span class='ocrx_word' id='word_1_230' title='bbox 1684 3178 1943 3262; x_wconf 75' lang='grc' dir='ltr'><strong>τροφήνς</strong></span> <span class='ocrx_word' id='word_1_231' title='bbox 1975 3173 2099 3238; x_wconf 87' lang='lat' dir='ltr'><strong>sed</strong></span> <span class='ocrx_word' id='word_1_232' title='bbox 2127 3172 2263 3238; x_wconf 93' lang='lat' dir='ltr'><strong>hoc</strong></span> <span class='ocrx_word' id='word_1_233' title='bbox 2305 3194 2588 3260; x_wconf 87' lang='lat' dir='ltr'><strong>prorsus</strong></span> 
     </span>
     <span class='ocr_line' id='line_1_29' title="bbox 250 3275 2588 3370; baseline 0.001 -29"><span class='ocrx_word' id='word_1_234' title='bbox 250 3275 340 3341; x_wconf 86' lang='lat' dir='ltr'><strong>ad</strong></span> <span class='ocrx_word' id='word_1_235' title='bbox 369 3279 707 3345; x_wconf 76' lang='lat' dir='ltr'><strong>arbitrium</strong></span> <span class='ocrx_word' id='word_1_236' title='bbox 736 3280 915 3359; x_wconf 86' lang='lat' dir='ltr'><strong>fecit,</strong></span> <span class='ocrx_word' id='word_1_237' title='bbox 958 3302 1113 3346; x_wconf 89' lang='lat' dir='ltr'><strong>nam</strong></span> <span class='ocrx_word' id='word_1_238' title='bbox 1142 3303 1269 3369; x_wconf 88' lang='lat' dir='ltr'><strong>pro</strong></span> <span class='ocrx_word' id='word_1_239' title='bbox 1305 3284 1425 3370; x_wconf 82' lang='grc' dir='ltr'><strong>βίον</strong></span> <span class='ocrx_word' id='word_1_240' title='bbox 1455 3282 1524 3345; x_wconf 90' lang='lat' dir='ltr'><strong>in</strong></span> <span class='ocrx_word' id='word_1_241' title='bbox 1556 3295 1691 3367; x_wconf 85' lang='lat' dir='ltr'><strong>qua</strong></span> <span class='ocrx_word' id='word_1_242' title='bbox 1719 3300 1888 3346; x_wconf 82' lang='lat' dir='ltr'><strong>voce</strong></span> <span class='ocrx_word' id='word_1_243' title='bbox 1926 3276 2114 3343; x_wconf 85' lang='lat' dir='ltr'><strong>nulla</strong></span> <span class='ocrx_word' id='word_1_244' title='bbox 2144 3285 2247 3343; x_wconf 87' lang='lat' dir='ltr'><strong>est</strong></span> <span class='ocrx_word' id='word_1_245' title='bbox 2286 3276 2588 3356; x_wconf 87' lang='lat' dir='ltr'><strong>offensio,</strong></span> 
     </span>
     <span class='ocr_line' id='line_1_30' title="bbox 250 3380 2589 3471; baseline 0 -26"><span class='ocrx_word' id='word_1_246' title='bbox 250 3380 563 3449; x_wconf 86' lang='lat' dir='ltr'><strong>scribere:</strong></span> <span class='ocrx_word' id='word_1_247' title='bbox 605 3390 830 3471; x_wconf 83' lang='grc' dir='ltr'><strong>τυχεῖν,</strong></span> <span class='ocrx_word' id='word_1_248' title='bbox 866 3384 1119 3456; x_wconf 81' lang='lat' dir='ltr'><strong>nullam</strong></span> <span class='ocrx_word' id='word_1_249' title='bbox 1161 3384 1370 3451; x_wconf 88' lang='lat' dir='ltr'><strong>habet</strong></span> <span class='ocrx_word' id='word_1_250' title='bbox 1408 3384 1751 3450; x_wconf 86' lang='lat' dir='ltr'><strong>rationem.</strong></span> <span class='ocrx_word' id='word_1_251' title='bbox 1836 3382 1973 3448; x_wconf 89' lang='lat' dir='ltr'><strong>Sed</strong></span> <span class='ocrx_word' id='word_1_252' title='bbox 2000 3380 2158 3462; x_wconf 79' lang='lat' dir='ltr'><strong>hoc,</strong></span> <span class='ocrx_word' id='word_1_253' title='bbox 2197 3388 2424 3469; x_wconf 79' lang='grc' dir='ltr'><strong>τροφῆς</strong></span> <span class='ocrx_word' id='word_1_254' title='bbox 2464 3402 2589 3467; x_wconf 90' lang='lat' dir='ltr'><strong>pro</strong></span> 
     </span>
     <span class='ocr_line' id='line_1_31' title="bbox 251 3484 2590 3577; baseline -0.001 -25"><span class='ocrx_word' id='word_1_255' title='bbox 251 3489 460 3574; x_wconf 88' lang='grc' dir='ltr'><strong>μάζης,</strong></span> <span class='ocrx_word' id='word_1_256' title='bbox 517 3488 782 3553; x_wconf 89' lang='lat' dir='ltr'><strong>minime</strong></span> <span class='ocrx_word' id='word_1_257' title='bbox 822 3487 1092 3555; x_wconf 86' lang='lat' dir='ltr'><strong>videtur</strong></span> <span class='ocrx_word' id='word_1_258' title='bbox 1132 3488 1605 3577; x_wconf 88' lang='lat' dir='ltr'><strong>negligendum</strong></span> <span class='ocrx_word' id='word_1_259' title='bbox 1649 3507 1808 3554; x_wconf 88' lang='lat' dir='ltr'><strong>esse.</strong></span> <span class='ocrx_word' id='word_1_260' title='bbox 1922 3484 2151 3551; x_wconf 84' lang='lat' dir='ltr'><strong>Habet</strong></span> <span class='ocrx_word' id='word_1_261' title='bbox 2191 3484 2363 3550; x_wconf 90' lang='lat' dir='ltr'><strong>enim</strong></span> <span class='ocrx_word' id='word_1_262' title='bbox 2404 3484 2590 3551; x_wconf 87' lang='lat' dir='ltr'><strong>haud</strong></span> 
     </span>
     <span class='ocr_line' id='line_1_32' title="bbox 247 3590 2583 3681; baseline -0.001 -25"><span class='ocrx_word' id='word_1_263' title='bbox 247 3612 527 3679; x_wconf 85' lang='lat' dir='ltr'><strong>parvam</strong></span> <span class='ocrx_word' id='word_1_264' title='bbox 556 3590 1114 3677; x_wconf 87' lang='lat' dir='ltr'><strong>probabilitatem,</strong></span> <span class='ocrx_word' id='word_1_265' title='bbox 1134 3592 1540 3681; x_wconf 86' lang='lat' dir='ltr'><strong>Aeschylum</strong></span> <span class='ocrx_word' id='word_1_266' title='bbox 1572 3591 1922 3679; x_wconf 89' lang='lat' dir='ltr'><strong>scripsisse</strong></span> <span class='ocrx_word' id='word_1_267' title='bbox 1952 3639 2144 3655; x_wconf 90' lang='grc'><strong>.....</strong></span> <span class='ocrx_word' id='word_1_268' title='bbox 2172 3593 2379 3675; x_wconf 84' lang='grc' dir='ltr'><strong>τλῆναι</strong></span> <span class='ocrx_word' id='word_1_269' title='bbox 2409 3591 2538 3654; x_wconf 91' lang='grc' dir='ltr'><strong>δου</strong></span> <span class='ocrx_word' id='word_1_270' title='bbox 2557 3622 2583 3639; x_wconf 83' lang='grc'>-</span> 
     </span>
     <span class='ocr_line' id='line_1_33' title="bbox 245 3691 2732 3783; baseline 0 -23"><span class='ocrx_word' id='word_1_271' title='bbox 245 3697 321 3760; x_wconf 91' lang='grc' dir='ltr'><strong>λί</strong></span> <span class='ocrx_word' id='word_1_272' title='bbox 327 3718 408 3765; x_wconf 87' lang='grc' dir='ltr'><strong>ας</strong></span> <span class='ocrx_word' id='word_1_273' title='bbox 434 3699 720 3782; x_wconf 76' lang='grc' dir='ltr'><strong>τροφῆς</strong></span> <span class='ocrx_word' id='word_1_274' title='bbox 753 3696 923 3781; x_wconf 87' lang='grc' dir='ltr'><strong>βίον.</strong></span> <span class='ocrx_word' id='word_1_275' title='bbox 995 3694 1217 3761; x_wconf 86' lang='lat' dir='ltr'><strong>Facile</strong></span> <span class='ocrx_word' id='word_1_276' title='bbox 1244 3696 1387 3762; x_wconf 89' lang='lat' dir='ltr'><strong>fieri</strong></span> <span class='ocrx_word' id='word_1_277' title='bbox 1416 3696 1663 3783; x_wconf 88' lang='lat' dir='ltr'><strong>potuit,</strong></span> <span class='ocrx_word' id='word_1_278' title='bbox 1694 3702 1773 3760; x_wconf 94' lang='lat' dir='ltr'><strong>ut</strong></span> <span class='ocrx_word' id='word_1_279' title='bbox 1801 3693 2046 3782; x_wconf 89' lang='lat' dir='ltr'><strong>aliquis</strong></span> <span class='ocrx_word' id='word_1_280' title='bbox 2077 3692 2321 3759; x_wconf 90' lang='lat' dir='ltr'><strong>doctus</strong></span> <span class='ocrx_word' id='word_1_281' title='bbox 2349 3691 2732 3771; x_wconf 59' lang='lat' dir='ltr'><strong>lectonam</strong></span> 
     </span>
     <span class='ocr_line' id='line_1_34' title="bbox 244 3799 2587 3888; baseline 0 -22"><span class='ocrx_word' id='word_1_282' title='bbox 244 3799 585 3888; x_wconf 75' lang='lat' dir='ltr'><strong>ignoranS,</strong></span> <span class='ocrx_word' id='word_1_283' title='bbox 611 3818 956 3864; x_wconf 86' lang='lat' dir='ltr'><strong>servorum</strong></span> <span class='ocrx_word' id='word_1_284' title='bbox 984 3799 1205 3864; x_wconf 89' lang='lat' dir='ltr'><strong>cibum</strong></span> <span class='ocrx_word' id='word_1_285' title='bbox 1237 3821 1272 3864; x_wconf 94' lang='lat' dir='ltr'><strong>e</strong></span> <span class='ocrx_word' id='word_1_286' title='bbox 1300 3799 1870 3886; x_wconf 83' lang='lat' dir='ltr'><strong>panehordeaceo</strong></span> <span class='ocrx_word' id='word_1_287' title='bbox 1886 3799 2288 3875; x_wconf 87' lang='lat' dir='ltr'><strong>constitisse,</strong></span> <span class='ocrx_word' id='word_1_288' title='bbox 2320 3800 2587 3887; x_wconf 86' lang='lat' dir='ltr'><strong>sapien·</strong></span> 
     </span>
     <span class='ocr_line' id='line_1_35' title="bbox 245 3900 2589 3993; baseline 0.001 -26"><span class='ocrx_word' id='word_1_289' title='bbox 245 3904 404 3968; x_wconf 84' lang='lat' dir='ltr'><strong>tiam</strong></span> <span class='ocrx_word' id='word_1_290' title='bbox 446 3924 636 3968; x_wconf 87' lang='lat' dir='ltr'><strong>suam</strong></span> <span class='ocrx_word' id='word_1_291' title='bbox 676 3901 748 3966; x_wconf 89' lang='lat' dir='ltr'><strong>in</strong></span> <span class='ocrx_word' id='word_1_292' title='bbox 789 3900 1087 3988; x_wconf 85' lang='lat' dir='ltr'><strong>margine</strong></span> <span class='ocrx_word' id='word_1_293' title='bbox 1127 3909 1428 3989; x_wconf 88' lang='lat' dir='ltr'><strong>poneret,</strong></span> <span class='ocrx_word' id='word_1_294' title='bbox 1490 3901 1880 3968; x_wconf 85' lang='lat' dir='ltr'><strong>adscribens</strong></span> <span class='ocrx_word' id='word_1_295' title='bbox 1933 3903 2022 3967; x_wconf 83' lang='lat' dir='ltr'><strong>ad</strong></span> <span class='ocrx_word' id='word_1_296' title='bbox 2076 3905 2589 3993; x_wconf 77' lang='grc' dir='ltr'><strong>δουλίας·τροφῆς</strong></span> 
     </span>
     <span class='ocr_line' id='line_1_36' title="bbox 245 4003 2588 4096; baseline 0.002 -25"><span class='ocrx_word' id='word_1_297' title='bbox 245 4004 654 4071; x_wconf 82' lang='lat' dir='ltr'><strong>vocabulum</strong></span> <span class='ocrx_word' id='word_1_298' title='bbox 684 4009 894 4092; x_wconf 82' lang='grc' dir='ltr'><strong>μάζης,</strong></span> <span class='ocrx_word' id='word_1_299' title='bbox 927 4005 1115 4094; x_wconf 88' lang='lat' dir='ltr'><strong>quod</strong></span> <span class='ocrx_word' id='word_1_300' title='bbox 1147 4003 1390 4070; x_wconf 87' lang='lat' dir='ltr'><strong>deinde</strong></span> <span class='ocrx_word' id='word_1_301' title='bbox 1417 4005 1487 4068; x_wconf 90' lang='lat' dir='ltr'><strong>in</strong></span> <span class='ocrx_word' id='word_1_302' title='bbox 1519 4012 1773 4069; x_wconf 88' lang='lat' dir='ltr'><strong>textum</strong></span> <span class='ocrx_word' id='word_1_303' title='bbox 1802 4005 2083 4092; x_wconf 79' lang='lat' dir='ltr'><strong>irrepsit.</strong></span> <span class='ocrx_word' id='word_1_304' title='bbox 2130 4008 2354 4093; x_wconf 90' lang='lat' dir='ltr'><strong>(Aliud</strong></span> <span class='ocrx_word' id='word_1_305' title='bbox 2372 4010 2588 4096; x_wconf 81' lang='lat' dir='ltr'><strong>quod·</strong></span> 
     </span>
     <span class='ocr_line' id='line_1_37' title="bbox 246 4106 2583 4202; baseline 0.003 -27"><span class='ocrx_word' id='word_1_306' title='bbox 246 4107 401 4175; x_wconf 87' lang='lat' dir='ltr'><strong>dam</strong></span> <span class='ocrx_word' id='word_1_307' title='bbox 432 4106 859 4197; x_wconf 87' lang='lat' dir='ltr'><strong>glossematis</strong></span> <span class='ocrx_word' id='word_1_308' title='bbox 889 4108 1261 4196; x_wconf 86' lang='lat' dir='ltr'><strong>exemplum</strong></span> <span class='ocrx_word' id='word_1_309' title='bbox 1291 4129 1352 4175; x_wconf 87' lang='lat' dir='ltr'><strong>v.</strong></span> <span class='ocrx_word' id='word_1_310' title='bbox 1380 4128 1476 4174; x_wconf 81' lang='lat' dir='ltr'><strong>vs.</strong></span> <span class='ocrx_word' id='word_1_311' title='bbox 1512 4107 1694 4173; x_wconf 88' lang='lat'><strong>1347.</strong></span> <span class='ocrx_word' id='word_1_312' title='bbox 1730 4106 1810 4177; x_wconf 88' lang='lat' dir='ltr'><strong>cf.</strong></span> <span class='ocrx_word' id='word_1_313' title='bbox 1846 4107 2084 4196; x_wconf 84' lang='lat' dir='ltr'><strong>Enger.</strong></span> <span class='ocrx_word' id='word_1_314' title='bbox 2113 4112 2370 4179; x_wconf 87' lang='lat' dir='ltr'><strong>observ.</strong></span> <span class='ocrx_word' id='word_1_315' title='bbox 2385 4135 2446 4202; x_wconf 89' lang='lat' dir='ltr'><strong>p.</strong></span> <span class='ocrx_word' id='word_1_316' title='bbox 2467 4115 2583 4195; x_wconf 74' lang='lat'><strong>13).</strong></span> 
     </span>
    </p>

    <p class='ocr_par' dir='ltr' id='par_1_5' title="bbox 233 4211 2584 4415">
     <span class='ocr_line' id='line_1_38' title="bbox 409 4211 2584 4300; baseline 0.001 -21"><span class='ocrx_word' id='word_1_317' title='bbox 409 4234 515 4279; x_wconf 81' lang='lat' dir='ltr'><strong>vs.</strong></span> <span class='ocrx_word' id='word_1_318' title='bbox 549 4212 730 4280; x_wconf 88' lang='lat'><strong>1006.</strong></span> <span class='ocrx_word' id='word_1_319' title='bbox 760 4217 859 4280; x_wconf 85' lang='grc' dir='ltr'><strong>σοί</strong></span> <span class='ocrx_word' id='word_1_320' title='bbox 880 4238 970 4280; x_wconf 81' lang='grc' dir='ltr'><strong>τοι</strong></span> <span class='ocrx_word' id='word_1_321' title='bbox 997 4215 1258 4300; x_wconf 78' lang='grc' dir='ltr'>λέγουσα</span> <span class='ocrx_word' id='word_1_322' title='bbox 1285 4212 1537 4278; x_wconf 75' lang='grc' dir='ltr'><strong>παύεται</strong></span> <span class='ocrx_word' id='word_1_323' title='bbox 1566 4217 1733 4299; x_wconf 80' lang='grc' dir='ltr'>σαφῆ</span> <span class='ocrx_word' id='word_1_324' title='bbox 1765 4211 1955 4297; x_wconf 80' lang='grc' dir='ltr'><strong>λόγον.</strong></span> <span class='ocrx_word' id='word_1_325' title='bbox 2014 4212 2389 4281; x_wconf 87' lang='lat' dir='ltr'><strong>Karstenus</strong></span> <span class='ocrx_word' id='word_1_326' title='bbox 2421 4238 2584 4282; x_wconf 85' lang='lat' dir='ltr'><strong>con·</strong></span> 
     </span>
     <span class='ocr_line' id='line_1_39' title="bbox 233 4314 2583 4415; baseline 0.002 -33"><span class='ocrx_word' id='word_1_327' title='bbox 233 4314 401 4406; x_wconf 81' lang='lat' dir='ltr'><strong>jecit</strong></span> <span class='ocrx_word' id='word_1_328' title='bbox 426 4318 662 4404; x_wconf 74' lang='grc' dir='ltr'>λέγουσ’</span> <span class='ocrx_word' id='word_1_329' title='bbox 694 4319 941 4386; x_wconf 79' lang='grc' dir='ltr'><strong>ἐπαπόει</strong></span> <span class='ocrx_word' id='word_1_330' title='bbox 973 4344 1023 4387; x_wconf 83' lang='grc' dir='ltr'><strong>σ.</strong></span> <span class='ocrx_word' id='word_1_331' title='bbox 1051 4323 1121 4397; x_wconf 93' lang='grc' dir='ltr'><strong>λ.,</strong></span> <span class='ocrx_word' id='word_1_332' title='bbox 1151 4340 1345 4399; x_wconf 84' lang='lat' dir='ltr'><strong>„nam</strong></span> <span class='ocrx_word' id='word_1_333' title='bbox 1375 4316 1547 4384; x_wconf 82' lang='lat' dir='ltr'><strong>illud</strong></span> <span class='ocrx_word' id='word_1_334' title='bbox 1575 4318 1824 4415; x_wconf 78' lang='grc' dir='ltr'><strong>παύεται</strong></span> <span class='ocrx_word' id='word_1_335' title='bbox 1852 4337 1990 4383; x_wconf 91' lang='lat' dir='ltr'><strong>non</strong></span> <span class='ocrx_word' id='word_1_336' title='bbox 2020 4317 2267 4384; x_wconf 85' lang='lat' dir='ltr'><strong>habere</strong></span> <span class='ocrx_word' id='word_1_337' title='bbox 2296 4341 2583 4400; x_wconf 87' lang='lat' dir='ltr'><strong>sensum,</strong></span> 
     </span>
    </p>
   </div>
   <div class='ocr_carea' id='block_1_4' title="bbox 245 4422 2583 4519">
    <p class='ocr_par' dir='ltr' id='par_1_6' title="bbox 245 4422 2583 4519">
     <span class='ocr_line' id='line_1_40' title="bbox 245 4422 2583 4519; baseline 0.002 -29"><span class='ocrx_word' id='word_1_338' title='bbox 245 4422 956 4519; x_wconf 73' lang='lat' dir='ltr'><strong>cumClytaemnestra</strong></span> <span class='ocrx_word' id='word_1_339' title='bbox 1000 4424 1198 4496; x_wconf 79' lang='lat' dir='ltr'><strong>etiam</strong></span> <span class='ocrx_word' id='word_1_340' title='bbox 1239 4443 1419 4498; x_wconf 81' lang='lat' dir='ltr'><strong>nunc</strong></span> <span class='ocrx_word' id='word_1_341' title='bbox 1457 4428 1829 4507; x_wconf 75' lang='lat' dir='ltr'><strong>remaneat-3</strong></span> <span class='ocrx_word' id='word_1_342' title='bbox 1889 4433 2296 4518; x_wconf 80' lang='lat' dir='ltr'><strong>quamquam</strong></span> <span class='ocrx_word' id='word_1_343' title='bbox 2337 4424 2445 4498; x_wconf 79' lang='lat' dir='ltr'><strong>vel</strong></span> <span class='ocrx_word' id='word_1_344' title='bbox 2486 4425 2583 4495; x_wconf 77' lang='lat' dir='ltr'><strong>sic</strong></span> 
     </span>
    </p>
   </div>
  </div>
 </body>
</html>
