3003 4880
14 343 17 360 -
13 0 23 240 ,Τί-..ψ

1580 373 1626 453 2
1699 419 1712 432 „

441 583 877 674 interpretum
921 581 1192 650 criticae
1233 581 1363 650 arti
1408 579 1775 672 permultas
1821 602 2250 672 summasque
2296 579 2574 671 praebet
2605 579 2780 649 diffi-

440 689 744 766 cultateS,
789 688 887 753 sic
915 709 1001 752 ne
1030 686 1199 752 haec
1231 685 1505 775 quidem
1535 687 1681 775 ejus
1714 708 1873 774 pars
1907 687 1990 753 de
2024 709 2160 775 qua
2191 687 2512 765 diximus,
2556 687 2638 753 iis
2668 708 2784 752 va-

442 800 582 870 cat3
626 792 823 857 immo
867 798 934 857 et
962 791 1191 855 multis
1234 791 1414 855 vitiis
1460 798 1666 877 atque
1697 792 2103 877 corruptelis
2133 790 2429 868 laborat,
2477 800 2542 857 et
2568 790 2785 856 multa

437 895 644 960 habet
695 915 832 960 non
877 902 1202 981 corrupta
1248 914 1327 958 ea
1359 892 1668 980 quidem,
1715 892 1837 958 sed
1870 893 1955 959 de
2006 915 2292 982 quorum
2338 915 2540 959 sensu
2582 893 2785 960 valde

439 997 838 1064 dissentiant
866 996 1160 1063 virorum
1195 996 1553 1064 doctorum
1585 997 1971 1066 sententiae.
2031 1000 2131 1063 Ac
2160 998 2525 1086 praecipue
2554 998 2622 1062 in
2653 997 2786 1063 hac

440 1099 860 1166 Cassandrae
901 1121 1102 1165 scena
1140 1099 1211 1164 id
1253 1122 1388 1165 non
1433 1108 1535 1165 est
1564 1100 1831 1177 mirum,
1882 1100 2137 1187 quippe
2176 1101 2245 1167 in
2279 1123 2417 1189 qua
2448 1100 2785 1178 consulto,

438 1204 709 1290 saepius
741 1209 946 1290 poeta
977 1202 1269 1267 obscure
1300 1202 1875 1291 aenigmaticeque
1902 1202 2241 1290 loquatur.
2298 1207 2389 1270 At
2420 1225 2556 1292 quo
2587 1225 2785 1292 prae-

439 1305 728 1373 stantius
759 1326 1035 1393 quoque
1062 1305 1275 1392 magis
1307 1306 1570 1394 egregie
1584 1305 1718 1371 hoc
1750 1305 2127 1393 episodium
2156 1307 2426 1384 factum,
2460 1329 2540 1373 eo
2571 1307 2786 1395 magis

435 1430 680 1496 operae
714 1408 996 1495 pretium
1027 1418 1148 1485 est,
1180 1408 1328 1496 ejus
1361 1407 1793 1474 difficultates
1826 1430 2025 1496 quam
2044 1408 2550 1497 diligentissime
2578 1419 2786 1500 atque

434 1510 932 1577 accuratissime
963 1510 1364 1586 examinare,
1407 1517 1487 1576 ut
1519 1532 1718 1598 quam
1753 1511 2057 1597 proxime
2091 1512 2177 1577 ad
2222 1520 2473 1579 rectam
2502 1513 2785 1603 insignis

430 1628 677 1702 poetae
704 1612 1208 1702 intelligentiam
1241 1612 1621 1683 accedatur.
1708 1612 1897 1707 Huic·
1922 1614 2127 1703 igitur
2161 1636 2412 1703 operae
2447 1638 2573 1704 ego
2609 1639 2782 1705 quo-

433 1739 566 1805 que
593 1738 733 1782 non
765 1715 1175 1803 parcendum
1206 1733 1354 1782 esse
1381 1723 1571 1782 ratus
1598 1739 1738 1782 non
1771 1709 1957 1782 nulla
1987 1718 2143 1783 mihi
2166 1718 2505 1784 invenisse
2527 1719 2785 1799 videor,

439 1829 623 1908 quae
644 1816 900 1907 aliquid
930 1817 1218 1885 fortasse
1237 1870 1252 1897 ,
1301 1820 1606 1885 conferre
1639 1822 1906 1906 possint
1933 1820 2042 1885 vel
2075 1820 2162 1885 ad
2193 1821 2476 1887 vulnera
2503 1823 2792 1889 nonnul-

431 1924 649 1989 lorum
680 1921 984 1989 locorum
1020 1919 1326 1990 sananda
1366 1922 1476 1988 vel
1508 1922 1595 1988 ad
1627 1925 1992 1990 sententias
2037 1924 2108 1989 in
2138 1925 2321 1990 clara
2349 1924 2498 1991 luce
2530 1947 2788 2013 ponen-

435 2025 576 2093 das,
666 2025 970 2108 Quorum
1017 2038 1277 2115 partem
1316 2025 1453 2091 hoc
1495 2026 1729 2092 libello
1764 2027 2156 2114 complexus
2187 2049 2368 2107 sum,
2402 2050 2595 2117 quem
2625 2030 2789 2096 viris

432 2129 659 2197 doctis
696 2128 1183 2195 aestimandum
1229 2150 1617 2216 proponere
1657 2131 1729 2195 in
1756 2139 1974 2196 mente
2003 2139 2119 2197 est.
2207 2131 2344 2198 Sed
2377 2155 2522 2198 cum
2552 2133 2786 2198 talium

432 2232 927 2322 quaestionum,
966 2231 1208 2319 quales
1238 2231 1350 2298 hic
1378 2232 1648 2299 libellus
1678 2234 1998 2310 continet,
2034 2255 2114 2300 ea
2141 2235 2237 2301 sit
2264 2235 2676 2322 proprietas,
2707 2244 2800 2319 ut·

429 2336 694 2423 ubique
722 2334 866 2401 fere
890 2335 1188 2421 scriptor
1218 2344 1521 2424 cogatur,
1552 2335 1851 2402 virorum
1884 2336 2232 2403 doctorum
2264 2347 2331 2404 et
2359 2336 2689 2427 probatae
2715 2337 2787 2402 in

425 2437 536 2505 his
549 2438 793 2507 litteris
811 2438 1236 2506 auctoritatis
1255 2440 1620 2507 sententias
1651 2439 1721 2506 in
1726 2440 2056 2527 judicium
2078 2463 2322 2508 vocare
2350 2464 2429 2506 ac
2455 2464 2790 2509 nonnum-

432 2564 633 2631 quam
666 2544 861 2610 etiam
893 2563 1059 2632 argu
1074 2544 1316 2609 mentis
1345 2546 1671 2620 refutare,
1715 2565 2165 2632 magnumque
2192 2545 2351 2610 inde
2380 2545 2582 2610 tironi
2616 2546 2791 2610 exsi-

439 2654 576 2712 stat
607 2645 995 2733 periculum,
1027 2669 1111 2712 ne
1143 2668 1475 2735 arrogans
1506 2669 1587 2711 ac
1618 2668 1855 2733 parum
1905 2647 2255 2714 mod-estus
2277 2669 2429 2713 esse
2459 2648 2806 2726 videatur„

436 2788 507 2799 —
548 2768 786 2816 omnes
848 2751 965 2838 qui
1025 2749 1158 2814 hoc
1200 2749 1633 2836 ‘opusculum
1703 2750 2045 2839 perlegere
2102 2773 2240 2817 non
2300 2750 2793 2829 detrectabunt,

427 2871 598 2942 rogo
631 2852 846 2931 utsibi
887 2851 1360 2939 persuadeant,
1395 2875 1496 2918 me
1531 2875 1764 2918 eorum
1796 2864 2089 2919 virerum
2123 2873 2410 2941 quorum
2442 2855 2791 2921 sententiis

440 2956 713 3043 saepius
747 2955 1029 3044 obloqui
1060 2957 1220 3022 mihi
1249 2958 1699 3022 necessarium
1733 2965 1895 3033 erat,
1928 2955 2294 3043 plerosque
2323 2976 2580 3020 summa
2608 2978 2793 3022 reve-

428 3060 646 3125 rentia
675 3059 912 3124 colere.
967 3098 1036 3108 —

556 3161 647 3228 Et
679 3161 860 3226 hunc
891 3162 1416 3248 disputationem
1448 3163 1547 3228 sic
1579 3163 1877 3237 institui,
1926 3170 2004 3228 ut
2035 3161 2286 3248 ubique
2309 3160 2450 3226 fere
2482 3182 2523 3226 a
2553 3160 2787 3245 Godo-

432 3265 605 3331 fredi
654 3256 1026 3331 Hermanni
1087 3268 1425 3333 sententia
1486 3265 1965 3353 proficiscerer.
2058 3265 2282 3353 Hujus
2327 3265 2498 3330 enim
2545 3265 2795 3354 egregii

438 3367 571 3434 viri
602 3369 936 3457 egregium
974 3390 1151 3454 opus
1182 3390 1446 3455 semper
1476 3368 1980 3434 fundamentum
2013 3389 2159 3434 esse
2190 3376 2463 3455 oportet
2506 3373 2795 3435 omnium

439 3492 614 3557 quae
674 3470 759 3536 de
815 3472 1159 3559 Aeschylo
1226 3471 1675 3559 proferantur.
1761 3472 1999 3558 Itaque
2058 3480 2215 3538 ante
2274 3474 2498 3538 omnia
2543 3473 2792 3559 ubique

435 3573 799 3640 Hermanni
847 3574 1602 3662 sententiaondiligenter
1660 3574 2041 3641 examinare
2100 3576 2352 3645 studui.
2441 3577 2795 3643 Praeterea

438 3676 901 3763 respiciendae
946 3690 1136 3743 erant
1178 3678 1349 3742 inter
1392 3675 1972 3763 aliaspraecipue
2020 3680 2423 3744 novissimae
2453 3682 2795 3766 Agamem·

440 3779 641 3845 nonis
683 3779 1044 3855 editiones,
1108 3802 1284 3866 quae
1340 3791 1507 3866 post
1548 3779 1801 3845 editum
1844 3780 2414 3846 Hermannianum
2460 3780 2797 3867 exemplar

443 3882 907 3970 prodierunt‚--
956 3884 1149 3950 Rob.
1221 3884 1559 3971 Engeri,
1633 3883 1814 3951 Sim.
1885 3883 2326 3960 Karsteni,
2401 3884 2507 3949 Fr.
2581 3882 2793 3953 Guil.

443 3985 1099 4064 Schneidewini3
1161 3986 1246 4052 de
1289 3987 1538 4074 quibus
1580 3988 1647 4052 in
1695 3989 2077 4051 universum
2119 3985 2254 4051 hoc
2286 3995 2542 4052 tantum
2577 3984 2797 4054 dicere

445 4089 637 4164 volo,
679 4087 1138 4173 Engerianum
1174 4101 1427 4156 textum
1459 4089 1618 4155 mihi
1649 4089 1860 4171 mul-to
1892 4090 2178 4176 propius
2220 4089 2540 4155 accedere
2582 4089 2796 4155 videri

453 4191 539 4255 ad
576 4188 925 4276 pristinam
972 4214 1050 4257 ac
1095 4194 1453 4281 genuinam
1495 4195 1807 4270 formam,
1852 4214 2053 4280 quam
2085 4191 2797 4269 Schneidewinianum‚

445 4293 691 4358 nedum
719 4294 1260 4366 Karstenianum.
1332 4297 1714 4361 Karstenus
1746 4295 1916 4361 enim
1954 4306 2209 4384 quanta
2237 4296 2505 4360 licentia
2536 4296 2602 4361 in
2639 4318 2794 4359 con-

448 4397 792 4462 stituendo
825 4398 1342 4485 Agamemnonis
1388 4406 1579 4464 textu
1621 4420 1785 4464 usus
1829 4399 1946 4477 sit,
2004 4399 2225 4485 primo
2272 4400 2517 4463 obtutu
2559 4397 2799 4484 aliquis
