3003 4880
1340 376 1434 454 19

108 600 113 605 ·
222 662 226 667 ,
325 581 546 665 Quod
577 579 986 649 Wieselerus
1035 585 1429 670 proposuit:
1486 566 1842 654 παπαῖὊῗοῖ
1876 590 1944 654 τὸ
1987 588 2120 680 πόρ.
2153 594 2357 683 ἐπέρχ.
2397 598 2453 667 ὃ.
2501 623 2556 683 μ.

164 685 491 775 perinde
521 707 598 751 ac
631 685 911 772 Stanleji
943 687 1362 773 conjectura,
1398 690 1613 775 δέμας,
1648 714 1687 757 a
1717 692 2051 760 Kal-steno
2094 710 2396 786 recepta,
2450 698 2555 768 lo-

173 813 362 859 cum
400 789 801 875 corrumpit3
835 810 914 854 ac
944 811 1029 853 ne
1057 789 1130 854 id
1164 791 1451 877 quidem,
1506 795 1694 880 quod
1722 797 2145 871 Hermannus
2177 801 2327 867 olim
2359 803 2557 869 volu-

184 900 387 970 erat,
430 897 651 971 παπαῖ,
698 893 820 957 οἷόν
855 917 956 976 μοι
984 898 1098 979 πῦρ
1132 895 1446 981 ἐπέρχεται
1491 898 1649 974 τόδε,
1684 898 1935 972 bonum
1968 909 2082 968 est.
2171 903 2557 972 Rectissime

194 1018 381 1063 vero
436 996 747 1084 Engerus
809 996 1023 1061 edidit
1093 998 1286 1083 δ’ἐμοί
1337 1021 1464 1087 pro
1524 1000 1806 1090 vulgata
1866 1005 1933 1068 δέ
1994 1029 2113 1090 μοι,
2184 1018 2550 1096 postquam

185 1102 353 1190 jam
386 1099 842 1165 Blomfieldius
887 1098 1073 1166 illud'
1105 1103 1609 1170 commendavit.
1689 1105 1860 1170 Nam
1905 1116 1983 1172 ut
2028 1115 2236 1174 antea.
2266 1110 2336 1175 in
2368 1111 2558 1179 Com-

197 1204 456 1270 matica
487 1210 679 1289 parte
712 1203 1090 1273 Cassandra
1133 1205 1419 1290 primum
1448 1208 1968 1295 Agamemnonis
1999 1219 2269 1291 sortem3
2316 1213 2557 1283 deinde

190 1328 403 1373 suam
436 1306 805 1392 praedixit,
851 1306 946 1371 sic
990 1329 1169 1371 nunc
1212 1308 1281 1372 in
1314 1309 1627 1376 trimetris
1657 1319 2026 1400 postquam
2070 1314 2155 1381 de
2183 1316 2365 1383 illius
2393 1341 2557 1386 nece

138 1424 143 1429 ’
189 1411 443 1481 locuta
458 1416 687 1489 est(vs
707 1409 1150 1494 1182—1217)
1167 1411 1255 1476 ad
1272 1433 1344 1477 se
1359 1435 1593 1485 rursus
1615 1416 1828 1495 venit;
1862 1425 1930 1482 et
1958 1419 2319 1504 perniciem
2353 1443 2555 1519 quam

196 1521 416 1593 antea
445 1513 1006 1600 Agamemnonem
1039 1514 1464 1602 arripientem
1494 1518 1873 1605 conspicari
1905 1520 2031 1584 sibi
2059 1522 2205 1586 visa
2229 1530 2349 1600 est,
2378 1545 2558 1591 nunc

126 1682 135 1691 ,
203 1617 331 1682 ad·
362 1637 437 1681 se
486 1623 848 1682 vertentem
906 1617 1132 1686 cernit
1259 1617 1503 1706 Itaque
1563 1619 1881 1709 vulgatae
1936 1622 2209 1691 lectioni
2225 1636 2560 1714 praestat

207 1723 264 1788 δ’
269 1720 774 1808 epossquoniam
804 1720 875 1785 in
906 1690 1282 1808 pronomen
1315 1729 1634 1788 accentus
1666 1724 1859 1792 cadit.

281 1861 301 1875 ·-
387 1845 485 1897 ve.
506 1823 687 1890 1219
717 1845 905 1914 seqq.
964 1829 1157 1890 κτενεῖ
1183 1850 1256 1911 με
1285 1828 1389 1913 τὴν
1420 1829 1720 1914 τάλαιναν,
1727 1833 1811 1899 ὧς
1840 1831 1906 1894 δὲ
1935 1833 2244 1918 φάρμακον

520 1966 527 1974 ·
955 1930 1256 2017 τεύχουσα
1284 1931 1482 2016 κάμου
1517 1933 1729 2017 μισθὸν
1762 1934 2001 2021 ἐνθήσει
2029 1936 2190 2024 κότῳ

961 2034 1295 2165 ἐπεόχεταιΙ
1327 2037 1606 2124 θηγουσα
1636 2041 1792 2125 φωτὶ
1821 2042 2141 2126 φάσγανον,

959 2133 1166 2226 ἐμῆς3
1139 2146 1381 2228 αγωγῆς
1409 2142 1818 2208 ἀντιτίσασθαι
1847 2142 2047 2230 φόνον.

385 2220 773 2309 Difficillimi
815 2264 1079 2321 versus,
1129 2243 1212 2309 de
1257 2245 1507 2333 quibus
1550 2244 1751 2311 valde
1794 2246 2199 2313 dissentiunt
2239 2250 2559 2337 interpre-

148 2404 153 2410 .
223 2352 367 2408 tum
398 2343 775 2410 sententiae.
860 2346 1105 2419 Omnes
1134 2368 1295 2413 vero
1328 2348 1398 2413 in
1427 2370 1567 2413 uno
1600 2349 2135 2438 gravissimoque
2163 2372 2388 2417 errore
2421 2374 2560 2418 ver·

227 2454 485 2525 santur‚·
514 2468 595 2513 ex
629 2467 764 2534 quo
798 2450 1080 2536 profecti
1111 2462 1270 2518 sunt
1299 2451 1429 2519 alii.
1506 2452 1617 2518 Sic
1650 2453 1820 2518 enim
1849 2454 1959 2524 hic
1987 2454 2181 2522 locus
2212 2453 2557 2543 accipitur,

225 2552 419 2641 quasi
452 2552 537 2618 de
554 2549 1080 2640 *Agamemnonis
1111 2554 1317 2622 caede
1346 2555 1455 2621 hic
1486 2578 1702 2622 sermo
1735 2558 1836 2624 sit.
1905 2560 1998 2625 At
2029 2580 2179 2623 cum
2209 2559 2364 2624 inde
2395 2582 2433 2623 a
2463 2582 2559 2625 νε.

226 2656 387 2723 1182
428 2675 647 2775 usqne
689 2656 779 2723 ad
806 2679 900 2724 νε.
937 2658 1100 2725 1214
1144 2659 1228 2726 de
1256 2662 1756 2747 Agamemnone
1797 2661 1963 2727 satis
2004 2661 2236 2726 locuta
2278 2662 2367 2727 sit
2397 2662 2558 2728 Cas-

221 2762 488 2838 eandm,
528 2761 600 2826 in
641 2760 770 2825 hac
813 2761 1122 2828 oratione
1149 2786 1245 2830 vs
1279 2763 1441 2828 1215
1485 2762 1576 2829 ad
1616 2784 1806 2829 suam
1833 2764 2049 2851 ipsius
2081 2770 2327 2829 sortem
2358 2765 2559 2841 venit,

201 2867 324 2933 his
353 2851 606 2932 verbis:
637 2870 839 2934 παπαῖ
868 2867 993 2932 τόδ’
999 2867 1120 2931 οἷον
1151 2891 1265 2952 πυρ
1298 2867 1613 2953 ἐπέρχεται
1644 2869 1695 2931 δ’
1700 2868 1862 2952 ἐμοί;
1896 2867 2253 2953 perniciem
2270 2868 2438 2936 enim
2470 2868 2562 2933 ab

222 2958 713 3059 Agamemnone
742 2992 923 3037 nunc
955 2969 1090 3035 ad
1072 2991 1287 3057 ipsam
1333 2991 1406 3036 se
1449 2978 1728 3048 vertere,
1774 2992 2011 3037 sensus
2057 2979 2159 3037 est
2200 2972 2559 3037 verborum

225 3075 531 3162 ἐπέρχεται
561 3076 594 3137 δ
597 3072 768 3158 Ἐμοί,
800 3071 872 3138 id
906 3073 1096 3161 quod
1124 3072 1329 3138 modo
1363 3072 1988 3140 demonstravimus,
2075 3073 2252 3139 Tum
2282 3074 2377 3140 sic
2411 3093 2557 3162 per-

180 3223 185 3228 ›
226 3177 347 3267 git:
390 3178 540 3264 αὕτη
585 3179 789 3247 δίπους
829 3178 1077 3244 λέαινα.
1109 3231 1121 3243 .
1153 3182 1430 3245 ..κτενεῖ
1457 3202 1531 3263 με
1558 3179 1663 3264 τὴν
1693 3180 1992 3256 τάλαιναν,
2038 3177 2210 3242 sicut
2254 3179 2448 3243 etiam
2490 3179 2562 3242 in

225 3280 475 3370 reliqua
502 3280 708 3368 hujus
737 3280 985 3369 longae
1015 3280 1340 3346 orationis
1371 3288 1566 3367 parte
1608 3280 1692 3347 de
1735 3302 1860 3345 sua
1901 3287 2114 3346 morte
2151 3280 2475 3369 loquitur,
2519 3302 2560 3345 a

228 3406 317 3450 νε.
374 3384 534 3450 1223
591 3405 812 3472 usque
871 3384 961 3451 ad
1017 3384 1225 3449 finem.
1325 3383 1566 3471 Itaque
1621 3383 1752 3449 nisi
1813 3384 1969 3470 quis
2028 3390 2321 3450 statuere
2378 3382 2558 3461 velit,

227 3486 631 3576 Aeschylum
673 3488 895 3554 omnia
940 3486 1327 3554 confudisse
1369 3486 1697 3574 nullaque
1738 3493 1920 3551 recta
1962 3486 2223 3551 ratione
2267 3493 2561 3553 utentem

230 3589 718 3679 permiscuisse,
775 3590 848 3655 in
890 3591 998 3656 his
1041 3589 1349 3657 versibus
1392 3589 1662 3658 nonde
1705 3588 2249 3677 Agamemnoni3‚
2310 3588 2431 3654 sed
2476 3589 2560 3655 de

230 3693 436 3780 ipsius
469 3691 890 3758 Cassandrae
930 3714 1094 3758 nece
1134 3713 1501 3758 sermonem
1546 3713 1692 3758 esse
1733 3692 1862 3757 sibi
1903 3689 2321 3780 persuadeat.
2407 3692 2560 3757 Hoc

231 3794 419 3882 igitur
448 3815 598 3861 cum
631 3801 884 3861 certum
915 3796 1020 3873 sit,
1052 3796 1195 3882 jam
1225 3795 1314 3860 ad
1344 3785 1611 3884 singula
1643 3794 2082 3860 examinanda
2123 3793 2555 3881 pergendum.

232 3893 446 3962 Verba
490 3899 638 3985 ἐμῆς
682 3900 926 3986 ἀγωγῆς
967 3899 1372 3964 ἀντιτίσασῦαι
1417 3898 1598 3985 φόνον
1644 3904 1930 3985 apparet
1969 3917 2107 3962 non
2151 3895 2555 3983 explicanda

237 4019 397 4064 esse:
428 4023 628 4075 „nece
658 4025 807 4068 eum
839 4003 1002 4091 (scil.
1033 4003 1619 4090 Agamemnonem)
1651 3999 1904 4076 ulcisci,
1940 3999 2100 4087 quia
2127 4020 2232 4064 me
2263 3998 2558 4065 adduxe·

232 4101 370 4177 rit“‚
397 4107 475 4165 ut
504 4102 806 4194 plerique
834 4106 968 4172 hoc
998 4103 1395 4192 intelligunt,
1424 4142 1510 4154 ——-
1540 4104 1689 4170 sed:
1724 4122 1880 4180 „me
1908 4102 2143 4168 ulcisci
2175 4122 2356 4178 nece,
2394 4103 2554 4189 quia

233 4205 514 4272 adducta
543 4205 665 4272 sim
697 4211 782 4275 ab
814 4213 1382 4299 Agamemnone;“
1426 4229 1564 4273 vox
1595 4207 1780 4284 enim,
1815 4228 1988 4294 quae
2021 4213 2120 4271 est
2150 4206 2379 4291 ἀγωγή,
2421 4226 2559 4269 ιιοιι

235 4309 422 4375 modo
455 4308 540 4375 de
570 4329 651 4375 eo
686 4311 804 4397 qui
835 4313 1149 4390 adducat,
1183 4309 1303 4376 sed
1335 4309 1534 4375 etiam
1566 4311 1650 4376 de
1672 4331 1771 4386 ec,
1808 4310 1925 4396 qui
1950 4306 2347 4385 adducatur,
2380 4315 2559 4373 recte

236 4420 604 4500 usurpatur,
649 4413 826 4480 sicut
853 4414 1221 4483 Theotisce
1255 4413 1506 4501 optime
1544 4413 1766 4480 dicere
1781 4431 2192 4500 possumus:
2239 4410 2429 4488 „sich
2477 4431 2563 4476 an
