3003 4880
1569 386 1665 464 22

467 590 653 684 quod
684 592 908 669 sciam,
942 595 1507 672 commemoravit,
1554 600 1619 659 et
1647 591 1853 672 felici,
1884 601 1961 660 ut
1989 592 2284 672 videtur,
2330 592 2786 660 emendatione

459 697 732 763 sustulit
775 698 875 779 (In
898 697 1094 763 Jahn.
1123 720 1275 773 ann,
1304 697 1403 779 70,
1432 720 1495 784 p.
1527 698 1694 783 383).
1776 697 1947 763 Nam
1976 719 2196 784 neque
2223 698 2521 764 futurum
2552 700 2787 783 ἐνθήσει
2857 783 2862 792 ¹

460 804 904 892 (Hermannus
937 811 1002 867 et
1025 801 1637 868 Wellauerus¹cum
1660 801 1855 868 Farn.
1889 803 2181 888 ἐνθήσειν)
2215 802 2535 889 explicari
2561 811 2788 890 potest

453 931 673 1000 neque
716 906 876 993 κότῳ
920 913 1055 972 tam
1085 905 1263 971 nude
1294 905 1589 992 positum
1622 905 1790 970 bene
1821 928 1893 971 se
1920 906 2156 982 habet,
2193 904 2292 970 ad
2324 927 2526 992 quam
2554 928 2785 972 vocem

342 1091 353 1100 ἢ
463 1012 646 1078 aliud
703 1009 1043 1099 quoddam
1095 1008 1412 1074 accedere
1456 1008 1764 1094 debebat.
1853 1008 2160 1097 Conjecit
2199 1009 2406 1098 igitur
2443 1010 2779 1097 EngeruS.

453 1118 667 1182 ἐνθεῖσ’
689 1094 936 1203 ῳᾶότῳ,
980 1135 1115 1201 qua
1145 1112 1609 1178 emendatione
1636 1111 1829 1180 simul
1853 1111 2181 1200 ingratum
2210 1114 2589 1202 asyndeton
2617 1113 2784 1179 inter

449 1222 624 1288 hunc
655 1228 720 1286 et
749 1226 1136 1307 sequentem
1167 1238 1434 1283 versum
1466 1214 1742 1282 tollitur.

617 1323 866 1392 Totum
903 1322 1108 1410 igitur
1134 1321 1356 1387 locum
1383 1320 1761 1407 conjunctis
1787 1322 1950 1388 meis
1981 1345 2129 1390 cum
2158 1321 2537 1438 Engeriana
2563 1343 2774 1389 emen·

449 1426 721 1493 datione
752 1426 849 1491 sic
880 1424 1195 1490 scribam.

854 1529 1004 1615 αὕτη
1044 1529 1245 1596 δίπους
1285 1528 1523 1606 λέαινα,
1566 1529 2022 1615 συγκοιμωμένη

847 1634 1033 1721 λύκῳ,
1076 1633 1312 1701 λέοντος
1353 1632 1627 1717 εὖγενοός
1669 1632 1955 1719 ἀπουσίᾳ,

812 1741 1034 1803 ’κτενεῖ
1084 1762 1157 1823 με
1197 1739 1300 1823 τὴν
1343 1738 1643 1802 τάλαιναν·
1687 1741 1769 1806 ὡς
1808 1739 1875 1801 δὲ
1918 1738 2233 1823 φάρμακον
2291 1778 2296 1783 -

846 1843 1147 1929 τεύχουσα
1188 1842 1383 1926 κάμοῦ
1428 1844 1598 1927 μῖσος
1640 1842 1855 1906 ἐνθεῖσ’
1899 1836 2114 1930 qiud-tq)

850 1946 1037 2031 ἐπείγ
1011 1970 1172 2025 ε,ται
1215 1947 1492 2033 θήγουσα
1535 1948 1691 2032 φωτὶ
1720 1946 2057 2032 φάσγανον,

841 2051 1038 2136 κάμῆς
1081 2050 1322 2136 ἀγωγῆς
1365 2050 1771 2115 ἀντιτίσᾱσθαι
1813 2049 2014 2137 φόνον.

605 2151 711 2221 Ad
763 2152 1370 2226 vss.1225-1226
1410 2152 1578 2219 nihil
1620 2152 2109 2231 annotandum,
2164 2172 2324 2217 cum·
2358 2152 2439 2217 de
2486 2150 2767 2215 lectione

435 2282 501 2321 σε
484 2257 822 2346 'plerique
848 2264 927 2332 ut
949 2255 1519 2335 Schneidewinus'‚
1548 2265 1729 2324 recte
1748 2256 2223 2346 judicaverint,
2252 2264 2453 2345 atque
2481 2271 2576 2321 vs,
2605 2250 2763 2316 1226

432 2363 699 2453 egregia
728 2352 1092 2427 Hermanni
1124 2360 1590 2429 emendatione
1620 2363 1968 2428 restitutus
1999 2361 2118 2439 sit,
2162 2361 2251 2427 de
2281 2382 2418 2451 qua
2446 2378 2638 2424 nemo
2667 2354 2769 2421 fa·
2846 2430 2851 2437 ,
2957 2373 2964 2386 “

436 2466 563 2533 cile
593 2465 951 2535 dubitabit.
1394 2514 1401 2517 ,
2848 2547 2852 2551 ,

602 2592 700 2636 vs·
743 2569 926 2636 1227.
960 2569 1142 2657 ἄλλην
1186 2581 1291 2635 τιν’
1323 2569 1465 2656 ἄτην
1511 2569 1625 2636 ἀντ’
1674 2571 1823 2656 ἐμου
1863 2571 2240 2644 πλουτίζετε.
2290 2562 2424 2649 Qui
2453 2563 2790 2630 traditam'

436 2672 818 2752 lectionem,
851 2673 1033 2761 ἄλλην
1064 2686 1171 2740 τιν’
1204 2673 1381 2760 ἄτην,
1403 2675 1753 2754 retinuere,
1788 2672 2052 2740 duabus
2080 2670 2450 2740 rationibus
2481 2686 2622 2732 eam
2656 2688 2774 2732 ex-

207 2772 214 2778 ’
304 2797 305 2800 ’
431 2775 689 2861 plicare
719 2778 1126 2844 studuerunt
1141 2827 1170 2863 ,p
1193 2798 1475 2865 quarum
1507 2777 1778 2844 alterius
1811 2786 2049 2847 auctor
2079 2784 2178 2843 est
2205 2761 2541 2840 Naeckius
2573 2792 2772 2859 quem

433 2873 803 2947 Clausenus
846 2882 1184 2968 sequitur,
1228 2879 1503 2946 alterius
1546 2881 1627 2947 H.
1659 2881 1736 2948 L.
1768 2881 2137 2948 Ahrensius
2165 2882 2208 2966 ¹)
2269 2879 2376 2946 cui
2409 2878 2788 2973 assentitur.

430 2963 840 3048 Wieselerus
881 2983 926 3048 1.
971 3006 1024 3050 c.
1058 3004 1121 3071 p.
1166 2983 1306 3049 104.
1382 2983 1754 3053 Ahrensius
1798 2985 2050 3051 dictum
2081 2985 2263 3072 ἄλλην
2293 2984 2387 3049 τιν’
2423 2983 2565 3069 ἄτην
2596 2984 2773 3069 πλου-

427 3086 612 3179 τίζετε
642 3085 903 3152 confert
933 3109 1080 3153 cum
1109 3086 1273 3154 hoc.
1322 3087 1465 3175 ἄτην
1495 3090 1748 3174 γεμίζειν
1779 3092 2099 3176 χρήμασιν,
2142 3087 2329 3175 apud
2368 3082 2672 3153 nostrum
2704 3084 2776 3148 in

433 3187 675 3275 Suppl.
702 3188 828 3255 428
852 3191 994 3270 (ubi
1013 3197 1231 3257 tamen
1251 3191 1419 3257 haec
1448 3192 1649 3265 lectio
1681 3214 1822 3259 non
1851 3199 1952 3258 est
1976 3192 2293 3281 genuina3
2309 3186 2447 3289 sed
2469 3213 2530 3256 v.
2558 3184 2772 3256 schol.

426 3290 517 3357 ad
571 3291 637 3356 h.
681 3291 750 3376 l.)
812 3293 1116 3381 „egregie
1160 3294 1373 3372 enim,‘
1379 3295 1648 3372 ‘dicit,
1683 3316 2189 3383 „quaecumque
2229 3300 2542 3382 pereunt,
2595 3291 2772 3356 Aten

426 3393 648 3460 ditare
688 3394 1034 3473 dicuntur,
1080 3418 1256 3484 quae
1299 3358 1597 3485 quodam
1636 3346 1841 3465 ’niodo
1889 3399 2134 3487 cupide
2162 3418 2242 3463 ea
2274 3398 2536 3484 arripit3
2583 3393 2768 3478 ἄλλην

421 3505 588 3563 noto
645 3520 826 3564 more
877 3520 1074 3586 quem
1129 3498 1619 3604 pleonasticum
1673 3490 1964 3569 dic’unt‘.“
2004 3538 2089 3551 —-
2119 3501 2530 3587 Comparant
2576 3496 2773 3563 etiam

423 3600 632 3689 Soph.
662 3600 957 3680 locum,
938 3624 1008 3666 ιιι
1041 3599 1207 3668 Oed.
1239 3601 1318 3668 R.
1349 3625 1449 3670 vs,
1482 3604 1584 3672 30.
1653 3692 1657 3696 ι
1851 3672 1860 3681 ,

910 3704 1096 3791 Αἵόης
1136 3711 1478 3793 στεναγμοῖς
1521 3710 1621 3774 καὶ
1661 3712 1832 3795 γοοῖς
1872 3712 2262 3785 πλουτίζεται·

376 3840 381 3845 ’
647 3806 731 3873 ed
762 3830 821 3874 si
851 3808 1081 3875 hunc
1062 3832 1141 3874 ιιι
1160 3811 1431 3876 modum
1462 3810 1685 3878 locum
1709 3822 2012 3881 nostrum
2038 3813 2467 3902 explicamus,
2501 3814 2766 3873 senten-

426 3910 518 3976 tia
549 3807 815 4003 sistit
806 3934 1086 4000 prorsus
1119 3913 1367 3991 eade‘m,
1402 3917 1737 4005 quaejam
1768 3916 2196 4005 praecedenti
2231 3934 2428 3981 versu
2462 3911 2625 3977 1226
2647 3932 2767 3975 ex-

419 4033 656 4100 pressa
686 4004 885 4080 estir’
917 4017 978 4085 ἐς
1008 4016 1258 4103 φθόρον,
1290 4040 1513 4106 neque
1543 4020 1906 4109 quidquam
1937 4020 2101 4087 novi
2119 4016 2504 4085 adderetur.
2563 4008 2775 4081 Nulla

418 4137 579 4181 vero
612 4137 818 4184 causa
848 4125 967 4198 est,
996 4141 1120 4184 cur
1136 4119 1517 4218 Cassandra
1546 4121 1720 4190 hanc
1751 4123 2178 4190 sententiam.
2175 4157 2282 4172 1-
2293 4117 2667 4209 „pereatis“
2683 4152 2775 4169 —

551 4339 607 4407 a)
642 4339 694 4393 in
737 4340 910 4396 libello
946 4360 1099 4414 quem
1135 4343 1200 4398 dc
1231 4345 1407 4400 causis
1431 4346 1680 4419 Aeschyli
1713 4347 1941 4403 nondum
1974 4349 2103 4404 satis
2133 4347 2412 4423 {emendati
2436 4331 2776 4414 conscripsit,

415 4423 468 4477 in
492 4439 675 4494 progr.
699 4441 872 4497 gymu.
896 4428 1130 4486 Ihlefeld.
1159 4430 1304 4498 1832,
1328 4447 1380 4502 p.
1402 4431 1485 4491 33.
