3003 4880
1520 319 1570 405 S

371 538 550 600 tasse
580 551 726 600 mea
755 529 1149 620 conjectura
1175 531 1402 608 audax
1436 553 1636 621 quam
1666 531 1949 604 maxime
1980 552 2127 600 esse
2155 529 2509 600 videbitur.
2584 532 2732 601 Sed

368 638 550 704 unde
590 637 869 724 vulgata
911 636 1111 701 lectio
1160 638 1466 724 profecta
1495 638 1583 702 sit
1613 659 1696 701 ex
1725 635 1844 701 illa
1872 633 2071 700 facile
2100 635 2548 704 demonstrari
2590 658 2724 724 po-

370 749 518 809 test.
609 739 794 807 Voce
824 740 994 805 enim
1028 760 1202 826 quae
1234 748 1336 808 est
1363 746 1640 828 λαχοῦσα
1668 741 1739 806 in
1768 741 2029 825 λέγουσα
2059 746 2401 827 corrupta,
2447 740 2727 806 criticus

371 844 618 932 aliquis
647 844 782 910 hoc
811 845 1072 929 λέγουσα
1101 843 1192 910 ad
1207 844 1569 932 Clytaemn.
1598 841 1891 909 referens
1920 842 2267 920 intellexit,
2298 852 2439 909 tum
2453 846 2726 928 πείθεται

362 947 605 1013 falsum
649 970 816 1026 esse,
875 970 1003 1035 pro
1050 940 1188 1034 q'uo
1229 948 1299 1014 in
1341 955 1669 1035 promptu
1710 953 1854 1012 erat
1904 948 2097 1013 πείθω
2143 972 2225 1012 νιν
2272 949 2582 1026 scribere,
2641 956 2727 1014 ut

367 1049 897 1140 Clytaemnestra
955 1051 1330 1138 subjectum
1391 1059 1570 1116 esset
1628 1050 2012 1116 sententiae.
2072 1089 2156 1100 -
2213 1051 2721 1138 Explicandum

363 1175 525 1220 vero
570 1165 691 1233 est,
736 1163 911 1243 quae
939 1157 1043 1221 vis
1074 1154 1233 1219 insit
1260 1155 1331 1218 in
1359 1154 1588 1220 verbis
1614 1155 1881 1219 πείθεται
1923 1154 2103 1242 λόγῳ.
2190 1152 2352 1220 Vox
2396 1176 2571 1242 quae
2614 1163 2722 1220 est

364 1257 528 1345 λόγῳ
575 1258 890 1323 consulto
936 1266 1003 1323 et
1045 1280 1193 1323 cum
1237 1257 1542 1344 pondere
1587 1256 1881 1345 quodam
1926 1258 1996 1322 in
2038 1257 2451 1323 versus-fine
2486 1258 2720 1344 posita

362 1367 496 1439 est3
542 1361 643 1438 „si
673 1361 916 1447 sapiat,
960 1360 1240 1426 verbis
1271 1360 1433 1425 meis
1464 1369 1687 1447 ¹paret,
1737 1383 1960 1447 neque
2006 1359 2446 1447 exspectabit,
2495 1358 2715 1426 donec

362 1465 442 1529 vi
472 1472 810 1552 cogatur.“
895 1464 1278 1532 Praesentis
1309 1484 1472 1537 vero
1525 1463 1960 1532 indicativum
2005 1485 2147 1530 non
2192 1484 2369 1549 opus
2415 1472 2517 1529 est
2562 1485 2716 1530 cum

362 1567 632 1655 Engero
664 1575 919 1634 mutare
947 1566 1057 1632 vel
1082 1568 1152 1631 in
1179 1567 1556 1653 praesentis
1601 1567 1980 1653 optativum
2023 1566 2132 1633 vel
2173 1567 2246 1632 in
2287 1565 2496 1633 futuri
2537 1565 2711 1632 indi-

367 1670 687 1748 cativum3
728 1693 882 1737 nam
920 1670 1303 1758 'praesentis
1331 1669 1703 1738 indicativo
1727 1656 1842 1736 ‘res
1872 1677 1950 1736 ut
1976 1692 2262 1757 prorsus
2294 1677 2475 1736 certa
2504 1668 2712 1756 signi-

364 1773 618 1840 ficatur.
707 1775 1012 1840 Ceterum
1042 1773 1194 1840 siin
1238 1793 1386 1838 mea
1430 1774 1819 1860 conjectura
1864 1773 2126 1860 aliquid
2167 1795 2310 1839 non
2350 1771 2716 1859 reprehen-

367 1877 658 1944 dendum
701 1877 1041 1943 videbitur
1083 1875 1249 1942 viris
1290 1874 1547 1951 doctis,
1603 1875 2226 1944 Schoemannianae
2279 1875 2711 1962 conjecturae

363 1980 499 2046 hoc
559 1980 840 2058 debeb0‚
913 2000 1088 2067 quae
1143 1978 1273 2045 nisi
1333 1979 1822 2057 antecessisset,
1882 1980 2018 2057 vix,
2080 1979 2305 2057 credo,
2363 1978 2547 2044 illam
2595 1977 2707 2041 -in-

365 2083 709 2150 venissem.
976 2093 979 2098 ’

529 2187 760 2255 Pauca
789 2187 986 2276 etiam
1015 2185 1100 2252 de
1128 2207 1227 2253 vs.
1264 2183 1428 2252 1012
1458 2182 1749 2251 dicenda
1779 2193 1956 2263 sunt,
1987 2186 2109 2252 ubi
2137 2185 2460 2272 scriptum
2492 2189 2622 2250 est:

865 2290 1027 2357 ἕπου.
1054 2290 1128 2354 τὰ
1155 2293 1362 2376 λῷστα
1386 2295 1506 2354 τῶν
1535 2293 1932 2376 παρεστώτων
1959 2291 2134 2376 λέγει.
2361 2377 2366 2380 ¹

491 2393 901 2463 Wieselerus
930 2396 1003 2461 in
1028 2393 1218 2462 notit.
1247 2392 1491 2460 literar.
1521 2391 1824 2482 Gotting.
1853 2394 2037 2474 1854,
2070 2416 2221 2483 pag.
2241 2393 2363 2461 100
2392 2416 2519 2482 pro
2550 2394 2711 2477 λέγει

360 2501 595 2567 scribit
623 2501 833 2583 λέγειν,
877 2519 1031 2575 „um
1063 2496 1210 2572 daS,
1254 2517 1397 2561 was
1439 2504 1638 2562 unter
1667 2497 1797 2564 den
1829 2500 2372 2588 gegenwartigen
2408 2498 2709 2564 Umstiin-

363 2605 494 2671 den
525 2603 650 2669 das
682 2603 880 2669 Beste
907 2602 1132 2679 ist‚.zu
1159 2588 1445 2688 sagenf·⁴
1494 2599 1875 2668 Karstenus
1905 2622 2181 2688 quoque
2208 2602 2280 2665 in
2309 2601 2516 2666 verbo
2546 2602 2709 2686 λέγει

365 2707 663 2783 offendit,
706 2727 835 2792 pro
868 2725 1005 2792 qua
1033 2701 1252 2770 forma
1279 2703 1517 2789 posuit
1544 2704 1703 2788 λέγω
1738 2726 1930 2780 „nam
1960 2705 2387 2791 imperiosam
2412 2705 2708 2792 reginam

363 2811 650 2876 suadere
677 2810 751 2872 τὰ
779 2812 984 2892 λῷστα
1013 2811 1127 2871 τῶν
1157 2810 1554 2892 παρεστώτων
1597 2830 1682 2873 ne
1721 2809 1854 2895 ipsi
1899 2807 2167 2896 quidem
2198 2807 2425 2875 Choro
2460 2809 2708 2896 proba-

363 2914 497 2979 bile
526 2911 741 2977 videri
774 2917 1070 2998 poterat;
1102 2909 1223 2974 sed
1255 2909 1338 2974 de
1369 2910 1510 2976 suis
1535 2910 1682 2976 hoc
1697 2911 1863 2977 dicit
1891 2912 2181 2987 monitis,
2216 2913 2463 2999 quibus
2494 2915 2708 3000 capti·

366 3039 490 3082 vae
549 3015 755 3081 amice
799 3013 1193 3078 consiliatur
1237 3023 1310 3078 ut
1350 3014 1734 3080 necessitati
1778 3014 1988 3081 cedat.
2078 3015 2231 3097 Quo
2292 3005 2447 3102 plus
2503 3017 2708 3103 igitur

363 3118 686 3205 ponderis
716 3117 938 3209 verbis
970 3115 1112 3181 suis
1145 3114 1373 3192 adda-t,
1419 3115 1655 3202 adjicit
1690 3117 1933 3183 hocce:
1993 3119 2292 3205 „optima
2333 3139 2510 3205 quae
2553 3124 2707 3182 sunt

320 3254 334 3266 ·
365 3222 487 3288 tibi
519 3221 833 3287 suade0.“
864 3256 948 3270 --
979 3218 1117 3284 Sed
1147 3218 1472 3283 librorum
1499 3219 1701 3285 lectio
1731 3226 1871 3285 non
1903 3228 2018 3286 est·
2033 3221 2390 3309 tangenda.
2476 3220 2709 3307 Respi-

368 3325 460 3390 cit
490 3324 754 3391 Chorus
786 3322 875 3389 ad
906 3322 1473 3409 Clytaemnestrae
1492 3323 1711 3387 -verba
1741 3345 1837 3389 VS.
1874 3322 2057 3400 1005,
2100 3324 2220 3388 ubi
2259 3325 2495 3411 regina
2524 3322 2709 3389 haud

369 3428 607 3494 duram
652 3425 1072 3494 Cassandrae
1114 3430 1361 3489 sortem
1404 3422 1702 3491 futuram
1746 3447 1891 3491 esse
1933 3427 2265 3512 promisit,
2325 3427 2448 3493 sed
2491 3427 2710 3514 qualis

366 3531 733 3597 secundum
775 3529 1118 3593 hominum
1157 3548 1409 3593 morem
1453 3534 1659 3613 atque
1700 3515 1891 3594 usum
1937 3529 1996 3595 ei
2039 3531 2439 3597 conveniret.
2524 3528 2711 3596 Haec

366 3642 528 3699 sunt
556 3642 733 3700 certe
762 3633 836 3696 τὰ
863 3636 1068 3718 λῷστα
1095 3635 1211 3695 τῶν
1241 3634 1653 3717 παρεστώτων.
1721 3631 2097 3718 Propterea
2127 3632 2393 3700 Chorus
2424 3632 2709 3698 Cassan-

369 3736 553 3801 dram
574 3737 774 3824 jubet
803 3720 1075 3812 ἕπεσθαι,
1107 3755 1363 3821 parere,
1393 3753 1615 3821 neque
1646 3735 2131 3801 contumaciam
2162 3754 2330 3821 prae
2359 3755 2432 3799 se
2459 3734 2646 3802 ferre.

534 3838 615 3903 In
646 3860 775 3906 vss,
810 3837 1161 3904 1005—16.

912 3942 986 4006 τὰ
1017 3942 1120 4026 μὲν
1149 3942 1262 4029 γὰρ
1295 3943 1489 4011 ἑστίας
1521 3943 1914 4028 μεσομφάλου

913 4046 1157 4132 ἕστηκεν
1187 4047 1306 4133 ἤδη
1340 4050 1503 4132 μῆλα
1530 4048 1677 4133 πρὸς
1707 4045 1941 4132 σφαγὰς
1969 4043 2175 4131 πυρός,

367 4146 505 4211 duo
549 4156 725 4225 sunt,
766 4149 838 4214 in
880 4149 1132 4237 quibus
1172 4149 1541 4216 haerebant
1581 4149 1997 4235 interpretes.
2098 4145 2571 4229 Quaerendum
2614 4159 2712 4213 est

367 4249 648 4336 primum
692 4273 830 4338 quo
873 4252 1264 4317 referendus
1308 4251 1398 4317 sit
1451 4251 1788 4338 genitivus
1848 4254 2040 4321 ἑστίας
2100 4252 2516 4337 μεσομφάλου,
2573 4257 2710 4316 tum

364 4353 712 4440 quomodo
745 4355 953 4421 verba
981 4356 1129 4442 πρὸς
1161 4356 1394 4442 σφαγὰς
1422 4357 1608 4442 πυρὸς
1651 4353 2052 4442 explicanda
2094 4354 2246 4425 sint.
2335 4352 2710 4420 Genitivum
